3082 4712
681 359 894 427 ..12-

270 533 413 594 iustitium
440 533 605 610 significata
631 540 703 607 eret,
736 535 844 611 partim
866 534 992 595 mutavit
1014 533 1121 611 purtim
1145 534 1299 611 delevit1).

270 670 311 680 -
334 638 486 697 Postremo
509 656 547 695 ne
568 637 599 694 id
619 638 748 716 quidem,
780 638 857 717 quod
883 642 946 696 tum
973 642 1097 711 tentum,
1125 658 1189 697 cum
1212 639 1298 697 vacui

269 740 347 798 curis
370 741 470 813 simus,
495 759 592 800 rerum
616 746 739 799 naturae
761 740 883 799 latebris
906 741 1072 799 scrutandis
1094 757 1212 816 operam
1231 742 1300 800 dere

269 843 402 914 dicimur,
426 843 523 918 graeci
545 841 716 918 philosophi
739 842 887 902 sententia
910 861 973 901 esee
995 841 1157 919 ridetur2).

357 945 497 1020 Singulos
519 964 592 1005 vero
616 949 717 1022 portes
740 944 913 1020 singulasve
939 944 1104 1005 sententies
1135 944 1226 1005 huius
1248 947 1300 1004 de·

271 1047 451 1126 scriptionis,
475 1067 551 1127 quse
574 1045 716 1106 nimirum
732 1048 769 1106 ed
792 1066 914 1122 graecos
936 1047 1133 1126 philosophos
1155 1067 1299 1108 revocen-

269 1153 325 1211 dee
348 1156 427 1224 eunt,
450 1151 625 1211 Ciceronem
647 1170 708 1208 non
730 1155 794 1209 tum
817 1151 946 1227 demum,
976 1170 1042 1210 oum
1065 1171 1130 1210 eum
1154 1150 1299 1229 composi-

271 1259 358 1314 turus
375 1259 463 1327 esset,
487 1252 652 1328 collegisse,
675 1254 728 1312 sed
747 1253 809 1312 iem
825 1258 914 1313 entes
930 1253 1130 1314 coniecteneie
1145 1255 1301 1313 mundatus

271 1357 414 1418 habuisse
436 1357 503 1419 veri
526 1361 572 1416 est
594 1354 790 1416 simillimum.

356 1462 396 1520 Et
417 1466 452 1520 ut
473 1459 605 1520 vidimus
630 1479 698 1519 eum
727 1461 806 1520 huuc
828 1459 1061 1537 descriptionem
1093 1464 1156 1520 tum
1179 1462 1299 1520 demum

270 1562 443 1635 inseruisse,
473 1582 539 1622 cum
561 1561 673 1621 librum
696 1564 714 1621 I
734 1562 793 1621 ium
817 1563 1053 1640 conscripsisset,
1083 1562 1127 1622 ite
1147 1563 1229 1622 infru
1252 1583 1299 1622 co·

271 1665 479 1740 gnoscemus³l
501 1664 586 1723 illurn
604 1666 654 1726 rel
678 1665 851 1739 sententias,
875 1686 914 1725 ex
938 1666 1047 1744 quibus
1071 1666 1233 1742 composite
1256 1686 1301 1724 es·

273 1772 327 1841 eet,
349 1768 382 1826 in
405 1767 544 1847 sequenti
567 1773 653 1845 perte
675 1768 748 1828 libri
767 1768 981 1829 conscribenda
1004 1768 1033 1829 ei
1055 1773 1174 1846 praesto
1196 1767 1300 1828 luisse.

272 1871 400 1931 Videtur
429 1875 529 1929 eutem
561 1890 596 1930 so
627 1871 702 1949 ipso,
733 1872 813 1951 quod
842 1869 905 1930 illis
936 1870 1095 1930 sententiis
1125 1891 1196 1930 usus
1227 1875 1301 1943 erat,

271 1977 436 2033 commotus
460 1992 537 2045 esse,
566 1976 601 2032 ut
629 1973 708 2032 hene
730 1972 879 2033 virtutum
902 1973 1136 2051 explicationem
1163 1977 1231 2051 post
1251 1972 1298 2030 in·

273 2077 413 2136 culcerst.

359 2177 463 2256 Oepite
487 2177 625 2236 bGicero
649 2181 680 2236 et
701 2175 848 2235 describit
868 2176 980 2237 iterum
1002 2183 1132 2257 quatuor
1154 2178 1301 2240 virtutum

271 2279 415 2358 genere4)
439 2285 479 2353 et,
501 2300 579 2360 quae
603 2278 747 2358 cuiusque
769 2299 895 2338 munere
917 2281 968 2338 vel
990 2279 1090 2339 officie
1114 2280 1184 2353 sint,
1208 2301 1299 2359 expo-

269 2382 325 2444 nit.
378 2382 578 2442 Penestianae
608 2387 708 2442 eutem
739 2380 894 2441 doctrinae
923 2381 1053 2458 vestigia
1085 2385 1115 2445 h.
1135 2383 1154 2442 l.
1178 2384 1299 2460 nunc5)

269 2486 341 2547 inde
364 2487 579 2561 cognoscimus,
611 2486 691 2565 quod
713 2485 829 2563 primae
852 2484 971 2559 virtuti,
995 2485 1043 2545 cui
1065 2486 1152 2566 quasi
1175 2486 1301 2546 materie

272 2590 406 2651 subiecta
429 2589 469 2649 sit
490 2590 613 2661 renites,
640 2594 835 2666 opponuntur
856 2591 919 2647 tres
941 2587 1085 2668 reliquae,
1109 2588 1239 2669 quaein
1264 2610 1299 2649 eo

271 2712 380 2768 genere
403 2697 569 2765 versentur,
595 2692 633 2749 nd
655 2691 736 2770 quod
756 2689 834 2749 ectio
859 2689 900 2748 sit
921 2689 1136 2772 adhibendam,
1167 2697 1197 2751 et
1219 2693 1300 2773 quod

272 2793 525 2871 contemplativae
547 2791 655 2855 virtuti
679 2791 904 2867 subiunguntur
933 2796 965 2852 et
995 2792 1145 2870 snpientia
1167 2798 1198 2854 et
1227 2815 1298 2872 pru-

272 2897 416 2970 dentiull.

357 2999 476 3060 Primae
499 3002 599 3059 eutem
614 2997 738 3060 virtutis
762 2998 861 3058 officie
882 2997 984 3058 Cicero
1007 3019 1067 3058 uno
1090 2999 1188 3076 cupite
1211 3005 1298 3058 fiex-

347 3274 372 3339 1)
389 3273 438 3320 Pro
456 3271 584 3320 vocubulis
606 3271 714 3331 „fidelia,
738 3271 868 3332 simplicis,
894 3272 1049 3319 constentie“
1070 3271 1169 3332 scripsit
1186 3286 1299 3332 „verum,

272 3360 378 3420 simplex
395 3359 597 3420 sincerumque“;
615 3363 696 3406 cetere
713 3372 790 3418 usque
808 3359 839 3405 ud
857 3359 931 3405 finem
949 3357 1047 3405 delevit.

342 3449 368 3506 2)
387 3445 416 3494 V.
434 3445 500 3493 infra
517 3459 541 3504 p.
560 3447 600 3493 13.

343 3534 370 3594 3)
388 3531 418 3578 V.
437 3546 462 3591 p.
482 3532 522 3578 13.
544 3531 619 3589 1⁷,4
640 3532 679 3588 19,
693 3533 716 3578 b.
735 3533 776 3588 22,
790 3531 814 3576 3.
833 3532 876 3591 29,
889 3532 912 3578 3.

343 3619 371 3679 4)
390 3616 474 3675 Quare
492 3621 566 3676 ceput
583 3619 599 3664 4
617 3617 691 3663 etiem
708 3629 917 3676 supervacaneum
937 3619 982 3664 est.

342 3705 368 3762 5)
386 3701 502 3749 Ceterum
519 3702 563 3749 ct‘r.
581 3690 647 3748 infra
664 3716 689 3761 p.
709 3703 749 3748 21.

342 3789 368 3848 6)
386 3787 461 3847 Diog.
478 3788 507 3833 L.
526 3788 574 3834 Vll
589 3790 629 3835 92.
663 3788 761 3836 Fowlcr
778 3802 802 3847 p.
821 3789 861 3835 44.

344 3871 368 3939 7)
386 3875 401 3936 5
422 3873 453 3920 15
471 3888 495 3932 p.
509 3874 542 3921 in.
561 3873 753 3934 „perspicientia
770 3873 823 3920 veri
842 3873 1024 3930 sollertisque“,
1043 3871 1058 3931 ξ
1078 3870 1109 3915 15
1128 3884 1166 3916 ex.
1185 3868 1299 3928 „sapien-

272 3959 333 4005 tiem
359 3964 383 4006 et
406 3959 588 4020 prudentism“,
614 3960 629 4021 ᾖ
656 3962 687 4009 16
715 3974 747 4006 m.
772 3994 789 4020 „
796 3958 1001 4020 prudentissimus
1025 3962 1049 4002 et
1073 3955 1298 4019 sapientissimus“.

272 4045 369 4092 Fowler
386 4060 410 4106 p.
430 4047 506 4104 21,1.
