3082 4712
683 331 900 401 ..38...

273 509 323 569 vel
352 529 390 570 ex
413 509 550 570 Panaetii
581 509 667 568 libris
694 504 761 588 aspi
784 509 840 569 τοῦ
861 496 1059 586 καθήκοντος.
1102 507 1159 566 Ille
1183 504 1303 586 quidem

273 612 347 671 utile
368 618 400 673 et
421 614 578 673 honestam
600 611 678 672 idem
703 631 767 672 asse
790 612 937 671 affirmare
968 629 1028 670 non
1049 610 1160 687 potuit,
1191 608 1303 688 quippe

274 715 326 794 qui
358 715 499 775 virtutem
533 712 569 774 ad
600 717 676 773 bene
706 715 853 792 beateque
881 714 1046 775 vivendum
1076 730 1137 772 non
1166 712 1304 772 sulficere

273 822 426 878 statueret.
470 818 528 878 Sed
559 836 626 876 oum
648 816 812 875 Carneades
834 816 979 876 iustitiam
1011 819 1041 875 et
1069 815 1230 875 utilitatem
1252 833 1304 872 ve·

272 918 495 979 hamentissime
516 919 597 984 inter
618 939 651 979 so
672 937 804 995 pugnare
826 917 965 992 dixisset,
995 917 1155 977 Panaetius
1184 937 1232 976 eae
1261 917 1305 975 ita

274 1021 359 1100 quasi
381 1021 596 1095 reconciliavit,
618 1029 653 1081 ut
674 1025 839 1098 exponeret
852 1021 884 1081 vi
906 1026 1010 1081 mutua
1032 1040 1082 1079 aas
1104 1019 1305 1098 cohaererel).

276 1122 461 1202 Quamquam
482 1125 557 1183 haec
579 1121 719 1183 utilitatis
738 1123 829 1196 notio,
854 1143 941 1202 quam
957 1122 1117 1183 Panaetius
1139 1121 1197 1181 eibi
1219 1121 1305 1180 effin-

274 1227 329 1298 xit,
359 1225 447 1284 nimis
470 1231 595 1302 angusta
616 1231 670 1286 est.
715 1227 754 1284 Et
775 1227 901 1285 fortasse
923 1245 958 1286 eo
980 1225 1055 1302 ipso,
1087 1220 1164 1302 quod
1187 1223 1306 1283 intelle·

274 1331 364 1404 gabat
386 1329 458 1387 setis
481 1329 588 1389 multas
610 1317 712 1388 causas
733 1327 865 1388 incidere
881 1347 976 1404 posse,
999 1347 1065 1387 oum
1079 1328 1128 1388 vel
1143 1325 1306 1386 vilissimae

273 1451 320 1491 res
343 1433 410 1509 plus
433 1433 609 1507 prodessent
624 1451 711 1510 quam
732 1430 908 1505 homines¹),
931 1435 1092 1490 commotus
1115 1434 1168 1502 ost,
1189 1434 1225 1489 ut
1245 1434 1306 1488 ter-

276 1533 348 1592 tiam
375 1533 474 1610 operia
504 1534 549 1592 sui
579 1537 708 1609 partem,
741 1552 798 1612 qua
828 1533 1055 1610 repugnantiam
1083 1531 1247 1592 honestatis
1277 1537 1310 1590 et

275 1636 415 1695 utilitatis
428 1638 459 1713 ³)
491 1641 618 1695 tractare
641 1635 698 1696 sibi
725 1640 947 1713 proprosuerat,
978 1635 1175 1714 relinqueret,
1205 1653 1309 1713 quam-

276 1757 364 1816 quam
395 1737 519 1813 triginta
550 1733 635 1797 annis
664 1738 758 1812 vixit,
788 1743 1003 1818 posteaquam
1034 1738 1125 1797 libros
1155 1733 1223 1816 περὶ
1253 1737 1308 1794 τοῦ

277 1833 467 1916 καθήκοντος
489 1839 671 1919 edideram).

397 1956 438 2036 1'1.
471 1979 522 2036 ne
545 1977 644 2036 irari
667 1979 710 2036 ae
734 1977 895 2037 officiis
918 1975 933 2036 1
954 1979 986 2053 aa
1014 1981 1189 2037 isa-ici.

362 2079 465 2138 Totam
488 2081 565 2138 hano
588 2084 702 2156 partem
726 2079 877 2139 Hiraelius
900 2082 937 2139 ad
953 2081 1145 2141 Posidonium
1167 2098 1309 2139 revocare

275 2181 350 2240 vult.
394 2183 452 2241 Sed
475 2181 627 2242 nonlicet
650 2181 678 2240 ei
700 2182 787 2258 plura
808 2181 941 2242 tribuere
965 2203 1053 2262 quam
1079 2203 1128 2256 ee,
1161 2202 1236 2260 quae
1259 2181 1308 2239 Oi-

275 2303 341 2344 eero
369 2287 384 2360 5
410 2287 469 2343 159
502 2286 538 2344 ad
568 2305 634 2344 eum
665 2285 766 2344 refert.
811 2286 886 2344 Nam
916 2289 948 2362 ἓξ
973 2289 1141 2346 lea—158
1173 2289 1311 2360 spectent

274 2389 311 2446 ad
334 2407 399 2446 eam
422 2389 634 2467 quaestionem,
667 2408 754 2467 quam
785 2387 911 2447 diversis
940 2389 1106 2449 rationibus
1138 2406 1310 2464 expressam

275 2489 376 2549 Cicero
398 2490 430 2547 in
453 2490 568 2550 deliciis
591 2492 699 2563 habet,
731 2495 831 2551 utrum
854 2491 918 2551 vita
941 2491 1171 2568 contemplativa
1196 2509 1234 2548 an
1260 2509 1310 2548 ac·

276 2592 353 2664 tiva,
385 2592 450 2651 veri
472 2592 651 2668 cognitionis
674 2612 711 2651 an
738 2593 958 2653 communitatis
980 2594 1079 2653 officia
1101 2593 1196 2671 pluris
1218 2593 1309 2652 aesti-

275 2695 383 2752 manda
397 2693 473 2765 sint,
496 2693 668 2769 magnitudo
688 2693 780 2752 animi
803 2695 880 2753 enim
904 2695 995 2770 §157
1019 2701 1136 2755 tantum
1158 2695 1190 2753 in
1213 2699 1310 2754 trans·

275 2815 364 2854 cursu
387 2795 472 2874 quasi
497 2801 582 2855 extra
607 2816 724 2855 causam
746 2795 877 2879 affertur.
930 2797 1069 2874 Singulae
1093 2817 1163 2857 vero
1189 2802 1310 2856 senten-

278 2897 338 2958 tiae
360 2899 423 2957 fere
446 2918 547 2957 omnes
570 2918 622 2958 eae
645 2906 724 2970 sunt,
755 2919 828 2978 quas
851 2901 954 2960 Oioero
976 2901 1036 2961 iam
1058 2901 1090 2959 in
1113 2900 1199 2959 libris
1222 2905 1311 2959 antea

277 3001 449 3076 compositis
472 3001 639 3078 protulerit.
684 3001 748 3060 Hos
768 3003 847 3061 locos
862 3003 912 3062 hic
931 3003 1063 3062 breviter
1086 3001 1211 3078 colligo:
1234 3002 1309 3060 Cum
1412 2991 1416 3002 ’
1519 3057 1520 3076 ,

277 3103 457 3181 paragraphi
484 3107 541 3163 153
564 3104 770 3181 prioreparte
793 3105 972 3164 conterenda
994 3111 1040 3166 est
1061 3104 1142 3163 Lael.
1165 3105 1212 3162 87.
1257 3103 1309 3162 Sa·

274 3205 407 3282 pientiae
430 3206 531 3263 eadem
554 3205 689 3265 definitio
712 3206 866 3265 invenitur
892 3207 944 3267 fin.
966 3209 1000 3266 ΙΙ
1024 3209 1074 3281 37,
1104 3207 1193 3283 paulo
1224 3225 1311 3264 accu-

275 3307 368 3367 ratior
391 3306 477 3366 Tusc.
501 3308 546 3367 IV
570 3309 609 3366 57
637 3308 680 3386 (et
703 3308 753 3368 off.
776 3309 809 3368 11
833 3308 873 3388 t).
926 3311 999 3370 Onna
1027 3308 1223 3388 sequentibus
1252 3308 1308 3368 cfr.

347 3495 372 3561 1)
392 3496 444 3546 Otr.
462 3497 504 3546 off.
522 3497 585 3544 145
604 3510 658 3557 sqq.
676 3480 751 3546 1132
770 3501 795 3544 et
813 3509 889 3556 supra
905 3510 929 3556 p.
950 3498 991 3546 33.

343 3579 370 3649 t)
388 3583 419 3632 V.
438 3597 459 3629 c.
477 3582 612 3629 Panaetius
629 3583 696 3642 ipsas
715 3593 757 3629 aas
775 3583 939 3642 quaestiones,
958 3595 1020 3643 quas
1038 3580 1180 3628 Carneades
1197 3594 1248 3640 rep.
1267 3581 1308 3626 111

274 3673 307 3718 ³0
325 3665 450 3730 proponit,
469 3680 514 3715 aaa
531 3667 644 3715 doctrina
661 3667 799 3716 dissolvere
816 3681 867 3714 non
884 3673 989 3728 poteret.

342 3751 369 3816 ³)
388 3751 460 3812 Quod
479 3753 565 3801 cicero
582 3753 674 3813 ubique
691 3753 722 3800 de
739 3754 845 3801 utilitate
866 3754 938 3816 dicit,
964 3769 1014 3802 non
1032 3764 1095 3815 qnae
1114 3751 1153 3811 sit,
1178 3751 1222 3799 sed
1242 3761 1309 3810 qnae

274 3853 328 3888 sese
339 3839 464 3900 videatur,
482 3838 620 3886 doctrinam
637 3838 752 3887 Panaetii
769 3853 819 3886 non
831 3840 891 3888 satis
904 3841 1035 3905 diligenter
1047 3837 1172 3902 cognitam
1187 3835 1306 3888 habebat.

273 3927 328 3974 Hoc
346 3923 411 3973 vidit
427 3923 477 3972 iam
493 3923 627 3974 Hirzelins.

343 4008 370 4081 a)
388 4007 436 4061 ca.
455 4011 493 4067 111
511 4013 535 4067 a
