3082 4712
643 356 859 424 ..37-

228 534 377 591 auctorem
410 529 544 590 consulto
575 528 644 588 illas
667 528 856 608 quaestiones
886 527 1065 588 iniudicatas
1095 527 1262 608 reliquisse.

229 633 308 698 Quid
330 636 448 691 secutus
473 632 513 692 sit
543 637 573 692 ct
604 632 671 711 quis
700 631 799 705 fuerit,
831 635 956 708 apparet
984 650 1021 690 ex
1050 650 1113 708 rep.
1136 632 1188 691 III
1212 638 1261 690 29.

229 737 294 794 Hoc
316 733 395 794 enim
418 736 483 794 loco
506 755 566 793 nou
589 734 684 794 solum
707 734 807 813 aliqua
829 753 866 791 ex
888 739 973 809 parte
1003 735 1123 792 eaedem
1155 754 1260 794 causae

227 841 404 910 tractantur,
429 839 479 896 sed
503 836 593 896 etiam
616 836 725 898 divisio
749 856 902 895 causarum
927 837 1029 896 eadem
1051 841 1098 895 est
1119 840 1209 914 etque
1230 837 1261 894 in

226 940 305 999 libro
327 940 378 999 ΠΙ
400 939 450 999 off.
495 941 570 999 Nam
592 939 722 1016 primunr
744 941 781 998 de
812 937 854 998 eis
885 938 981 997 causis
1011 938 1123 1012 agitur,
1153 939 1261 1017 quibus

227 1041 388 1113 venditori,
411 1042 520 1102 deinde
542 1043 580 1102 de
610 1041 663 1114 eis,
695 1041 805 1121 quibus
834 1041 963 1118 emptori
991 1041 1071 1100 inter
1102 1040 1262 1101 utilitatem

230 1149 260 1205 et
293 1147 479 1204 honestatem
512 1144 735 1204 diiudicandum
767 1147 820 1203 est.
875 1148 975 1222 Atque
1007 1144 1096 1204 etiarn
1130 1144 1180 1208 off.
1213 1145 1262 1202 III

230 1248 418 1326 quaestiones
447 1251 479 1323 ἐξ
503 1253 542 1307 50
574 1254 605 1308 et
636 1252 674 1305 54
706 1248 841 1324 prolatae
874 1250 905 1306 et
937 1252 998 1307 tres
1030 1247 1145 1324 priores
1177 1267 1261 1323 para·

230 1350 336 1427 graphi
369 1355 406 1409 91
444 1352 481 1408 ad
513 1350 693 1422 venditoris,
734 1349 839 1409 ultima
874 1351 910 1409 ad
943 1349 1086 1426 emptoris
1118 1348 1261 1409 iudicium

230 1457 373 1530 spectant.
412 1454 614 1529 Proposuerat
635 1457 733 1512 antem
747 1453 814 1511 illas
831 1453 1020 1532 quaestiones
1042 1472 1097 1512 neo
1114 1452 1263 1527 Diogenes

230 1577 286 1615 nec
308 1556 477 1632 Antipater,
501 1557 554 1615 sed
576 1556 753 1630 Carneades,
782 1556 907 1634 etquid
930 1564 1048 1616 secutus
1070 1555 1118 1634 sit,
1141 1557 1261 1614 demon-

230 1665 304 1718 strat
332 1678 396 1734 rep.
418 1659 468 1717 III
495 1665 531 1718 31
566 1659 627 1717 in.:
660 1659 727 1732 „Ita
758 1677 826 1733 ergo
855 1658 1001 1718 iustitiam
1031 1679 1096 1717 cum
1126 1658 1159 1716 in
1189 1658 1261 1716 duas

230 1769 330 1838 partes
353 1760 507 1820 divisisset
535 1760 658 1820 alteram
682 1761 800 1821 civilem
830 1744 896 1821 esse¹
917 1761 1034 1835 (licens,
1065 1761 1187 1820 alteram
1209 1780 1261 1819 na-

231 1862 365 1934 turalem,
392 1867 549 1940 utramque
572 1863 729 1937 subvertit,
757 1865 836 1942 quod
858 1863 911 1922 illa
933 1863 1031 1922 civilis
1054 1863 1201 1940 sapientia
1223 1862 1263 1921 sit

232 1964 367 2042 quidem,
400 1966 451 2023 sed
473 1964 589 2024 iustitia
611 1985 670 2025 non
694 1966 747 2039 sit,
779 1965 924 2025 naturalis
951 1972 1050 2025 autern
1072 1965 1126 2024 illa
1146 1962 1263 2025 iustitia

234 2067 275 2125 sit
290 2067 419 2145 quidem,
442 2070 493 2126 sed
516 2089 577 2127 non
599 2069 639 2128 sit
661 2069 838 2146 sapientia.“
875 2070 914 2127 Et
936 2088 1001 2128 cnm
1024 2070 1098 2129 haec
1119 2069 1182 2128 fere
1202 2067 1262 2127 dis·

230 2169 328 2228 sensio
352 2175 428 2229 osset
447 2170 528 2231 inter
543 2170 707 2246 Diogenem
724 2172 848 2249 eiusque
864 2171 1041 2247 discipulum
1057 2171 1260 2247 Antipatrum,

228 2276 264 2331 ut
285 2271 336 2331 ille
360 2272 479 2332 civilem
501 2274 658 2347 iustitiam,
681 2273 730 2332 hic
753 2274 917 2332 naturalem
933 2275 1115 2350 probaretl),
1138 2275 1260 2333 subver-

229 2374 267 2432 tit
289 2373 379 2434 etiam
401 2374 546 2450 Diogenis
568 2383 598 2434 et
615 2375 771 2452 Antipatri
793 2375 957 2435 doctrinam
980 2376 1130 2449 moralem,
1153 2376 1204 2455 qui
1226 2380 1262 2436 ut

228 2476 321 2535 Stoici
344 2483 430 2536 crant
452 2477 515 2535 eius
538 2477 692 2553 praecipui
715 2476 886 2538 adversarii.

316 2578 468 2664 Sequitur,
499 2584 533 2638 ut
562 2580 611 2641 off.
641 2581 692 2638 III
725 2584 773 2640 50.
798 2586 846 2640 54.
871 2585 908 2639 91
940 2580 1087 2640 fluxerint
1116 2599 1154 2638 ex
1182 2580 1259 2641 libro

230 2681 381 2740 cuiusdam
413 2682 629 2758 Academicil).
690 2681 851 2743 Verbosior
880 2689 978 2742 autem
1010 2683 1062 2741 illa
1098 2683 1260 2756 altercatio,

229 2802 304 2862 quae
326 2785 405 2856 §52
426 2787 474 2844 53.
493 2789 531 2843 55
548 2785 709 2860 inducitur,
732 2786 902 2846 aOiocrone
923 2786 989 2863 ipso
1005 2786 1175 2862 excogitata
1197 2805 1260 2845 esse

228 2885 348 2946 videtur
361 2885 399 2964 ³).

315 2988 466 3051 Quantum
489 2993 588 3049 autem
609 2990 739 3050 valuerit
761 2990 920 3050 Carneadis
951 3010 1074 3050 censura
1100 2992 1137 3050 ad
1167 2990 1260 3049 serio·

229 3109 295 3150 rum
317 3091 482 3152 Stoicorum
505 3098 664 3170 praecepta
694 3093 817 3153 moralia
840 3094 1104 3172 conformarem),
1136 3098 1261 3172 apparet

300 3262 325 3319 1)
345 3259 392 3306 ou.
409 3262 447 3308 111
465 3265 505 3312 cr.

300 3341 325 3409 2)
344 3343 500 3406 Ciceronem,
526 3363 582 3395 cnm
599 3349 717 3398 scriberet
735 3351 750 3410 ἓ
768 3353 799 3399 91
818 3351 853 3398 iu.
872 3350 992 3410 „Quaerit
1010 3351 1110 3410 etiam“‚
1134 3349 1185 3396 iam
1209 3363 1259 3396 non

233 3429 340 3478 nominis
357 3431 501 3492 Hecatonis,
519 3434 584 3491 quod
601 3435 727 3494 aliquanto
746 3450 821 3496 supra
838 3436 941 3482 allatum
958 3440 1017 3495 arat,
1034 3435 1175 3484 meminisse
1193 3435 1258 3483 credi

229 3517 319 3574 potest.
1103 3571 1107 3580 ,

299 3600 324 3663 3)
343 3600 406 3649 Cum
417 3603 433 3663 ξ
446 3603 478 3650 55
492 3603 535 3650 cfr.
549 3604 615 3656 ο11,Ι
628 3607 667 3653 51.
682 3607 722 3655 52.
741 3606 860 3666 Diogenis
872 3606 1053 3666 argumentatio
1070 3607 1156 3654 nititur
1173 3607 1257 3666 aliquo

228 3691 360 3748 praecepto
386 3689 481 3735 romani
506 3689 566 3737 iuris
589 3690 684 3738 civilis:
709 3692 806 3752 Digest.
828 3692 913 3739 XVIII
940 3696 962 3754 1,
983 3694 1015 3740 43
1040 3694 1163 3752 (Mueller.
1181 3689 1257 3754 adn).

229 3773 244 3832 ᾖ
267 3775 298 3820 52
326 3786 362 3832 sq.
392 3771 478 3822 Cicero
504 3774 575 3821 dicit:
610 3776 823 3836 „Respondebit
847 3777 971 3838 Diogenes
1009 3778 1159 3826 tortasse
1196 3777 1256 3824 sic“.

229 3858 356 3918 „Inquiet
373 3858 442 3907 ille“.

297 3947 325 4006 4)
343 3944 519 4005 Quaestionem
536 3943 670 3995 Carneadis
688 3948 718 3995 de
743 3948 839 3996 duobus
863 3951 989 4012 naufragis
1013 3951 1076 4012 (rep.
1094 3949 1133 3996 III
1151 3949 1195 4008 30)
1218 3962 1257 3998 ac·

229 4030 383 4082 curatissime
400 4035 490 4083 tractat
505 4033 600 4084 Hecate
619 4034 658 4084 off.
682 4035 767 4089 [1189
785 4049 821 4100 sq.
