3082 4712
730 381 942 447 ..13-

321 555 448 614 tentiam
471 556 596 633 paulum
619 553 821 633 perturbavit.
865 556 943 614 Nam
973 575 1038 616 cum
1065 556 1130 635 ipse
1156 557 1245 618 initio
1268 560 1350 620 dieat

318 660 356 715 ad
379 678 496 718 omnem
523 656 704 716 iniustitiam
735 663 871 732 spectare
900 657 979 717 illud
1001 659 1175 731 discrimen,
1207 667 1275 736 post
1303 662 1348 720 ita

318 760 462 839 loquitur,
494 758 579 838 quasi
602 764 720 819 tantum
743 761 780 818 ad
803 760 989 820 inferendam
1020 760 1162 820 iniuriam
1185 761 1345 838 pertineat.

403 861 486 922 Quae
508 861 580 920 inde
603 882 620 920 a
642 859 716 939 §29
741 882 789 922 ex.
812 882 908 942 usque
931 864 969 922 ad
990 863 1081 922 finem
1105 862 1211 940 capitis
1233 868 1269 921 10
1293 883 1345 922 ox·

316 968 478 1041 ponuntur,
502 983 562 1022 non
586 969 657 1023 sunt
677 964 770 1024 huius
791 964 860 1024 looi.
907 966 983 1024 Nam
1007 969 1144 1041 spectant
1165 985 1229 1024 cum
1254 967 1290 1023 ad
1311 958 1344 1022 τό

315 1058 390 1122 narei
414 1063 583 1139 περίστασιν
606 1068 744 1142 καθῆκον
767 1073 828 1127 tum
853 1069 890 1126 ad
921 1067 1152 1146 repugnantiam
1180 1065 1346 1126 honestatis

316 1171 346 1225 et
376 1166 535 1240 utilitatis,
568 1188 658 1249 quam
688 1168 850 1229 Panaetius
882 1168 1027 1248 peculiari
1049 1168 1135 1228 libro
1165 1172 1348 1228 tractaturus

318 1273 391 1342 erat,
416 1271 551 1331 sednon
575 1271 761 1348 tractavitl).

402 1372 418 1450 ξ
443 1378 480 1431 41
508 1375 677 1452 complures
709 1373 876 1433 sententiae
903 1374 1047 1432 collectae
1078 1378 1157 1443 sunt,
1188 1392 1264 1452 quae
1293 1393 1372 1437 neo,

314 1474 397 1533 inter
419 1496 449 1534 se
472 1494 529 1535 neo
545 1495 610 1534 cum
631 1475 880 1534 antecedentibus
897 1475 1073 1550 cohaerent;
1097 1493 1190 1553 quare
1205 1475 1351 1534 Panaetio

316 1577 483 1638 attribuere
505 1598 566 1636 non
590 1572 798 1653 possumusl).

401 1681 464 1738 Iam
489 1677 524 1756 ἐξ
550 1685 674 1764 fre-49
699 1679 802 1738 Cicero
830 1699 879 1752 ea,
910 1697 986 1758 quae
1010 1678 1171 1739 Panaetius
1193 1681 1231 1739 de
1260 1683 1352 1740 bene-

315 1780 436 1841 ficentia
457 1781 616 1855 sentiebat,
639 1783 764 1861 profert,
787 1784 916 1842 sednon
940 1782 1012 1841 satis
1036 1782 1177 1842 distincte
1201 1783 1352 1861 expressit

316 1890 347 1944 ot
371 1907 424 1944 sua
446 1885 571 1946 addidit.
617 1883 632 1964 5
653 1891 692 1944 46
716 1906 755 1945 ne
779 1905 828 1944 eos
852 1885 972 1964 quidem
996 1885 1197 1960 neglegendos
1221 1905 1295 1958 esse,
1317 1885 1350 1944 in

318 1987 428 2067 quibus
450 1991 570 2047 tantum
594 1988 752 2047 simulacra
769 1987 894 2048 virtutis
918 2007 982 2046 esse
1004 1987 1226 2062 intellegamus,
1248 1987 1349 2047 nescio

317 2095 419 2149 utrum
443 2090 605 2170 Panaetius
628 2091 816 2168 praescribat
836 2111 875 2149 an
898 2089 1052 2165 uiceross).
1097 2088 1113 2167 ἓ
1138 2090 1176 2149 47
1209 2096 1243 2150 ut
1267 2089 1348 2148 beni·

316 2191 485 2252 volentiam
507 2212 568 2251 non
584 2192 878 2252 adulescentulorum
895 2213 977 2252 more
998 2193 1104 2251 ardore
1120 2194 1247 2272 quodam
1269 2211 1346 2249 amo·

315 2294 367 2367 ris,
398 2296 450 2354 sed
473 2295 638 2354 stabilitate
661 2295 763 2372 potius
787 2294 1010 2381 et-constantia
1039 2294 1216 2367 iudicemus,
1245 2303 1347 2352 monet

315 2417 370 2456 noa
392 2418 453 2457 non
470 2396 640 2469 Panaetius,
664 2399 716 2456 sed
730 2396 874 2470 (licer04).
919 2399 956 2455 In
980 2395 1032 2469 eis,
1055 2401 1218 2476 quaesunt
1236 2396 1273 2455 de
1295 2398 1346 2454 be-

317 2602 398 2650 sensis
416 2601 550 2661 discipulus
574 2597 629 2663 (etr.
648 2598 698 2648 Cic.
724 2601 756 2647 de
774 2601 854 2647 div.1
879 2597 917 2663 6),
942 2600 1087 2647 Heraclides
1105 2599 1247 2658 Tarsensis,
1273 2589 1349 2647 ἄνισα

317 2681 378 2736 εἶναι
396 2681 426 2735 τοὶ
443 2679 620 2749 ἁμαρτήματα
639 2684 737 2731 dicebat
754 2685 837 2748 (Diog.
857 2685 886 2731 L.
905 2685 953 2731 VII
973 2688 1040 2744 121).

388 2769 412 2832 l)
431 2769 581 2829 Singillatim
601 2770 615 2830 ξ
635 2771 666 2816 31
687 2783 724 2828 sq.
743 2769 892 2829 praecipitur
910 2785 960 2817 non
981 2784 1078 2829 semper
1096 2769 1206 2828 deposita
1223 2769 1351 2815 reddenda

317 2859 360 2904 vel
377 2857 498 2916 promissa
517 2855 629 2902 iacienda
647 2868 702 2902 asse
745 2855 814 2902 Haec
832 2857 945 2915 exempla
963 2855 1050 2902 Cicero
1075 2854 1101 2900 in
1120 2854 1216 2902 deliciis
1233 2853 1351 2901 habebat.
1434 2848 1437 2856 ’

320 2940 383 3001 Cia,
401 2942 422 2988 si
440 2942 502 2988 tanti
521 2948 565 3000 est,
584 2941 669 2988 ’11132
690 2955 742 3001 sqq.
761 2942 834 2989 Tuae.
852 2943 889 2988 111
909 2943 948 2988 17.
983 2942 1114 2988 Praeterea
1131 2941 1230 3000 saepius
1248 2941 1279 2986 ad
1299 2955 1352 2986 eas·

319 3028 373 3074 dem
392 3028 527 3075 sententias
540 3027 720 3074 confirmandas
734 3028 826 3074 eisdem
844 3027 920 3074 utitur
938 3025 1143 3087 narratiunculis;
1158 3025 1230 3092 'velut
1243 3027 1352 3073 narratio

319 3113 349 3159 da
367 3113 504 3172 Hippolyto
523 3113 608 3159 eodem
629 3113 679 3158 iere
698 3126 763 3159 nexu
781 3103 957 3159 sententiarum
975 3113 1049 3159 etiam
1067 3112 1097 3157 de
1116 3116 1166 3157 nat.
1179 3112 1203 3159 d.
1219 3111 1259 3158 111
1278 3113 1309 3157 76
1329 3116 1353 3158 et

319 3197 360 3244 off.
377 3198 414 3243 111
433 3199 465 3244 94
484 3203 625 3256 usurpatur.
642 3186 645 3192 ’
662 3197 832 3257 Praeceptum,
851 3199 916 3257 quod
935 3199 949 3259 ξ
967 3200 998 3246 32
1018 3212 1053 3245 ex.
1075 3196 1146 3244 datur
1164 3197 1195 3243 de
1213 3197 1352 3256 promissis,

319 3282 745 3342 quaeautmctuautdolomalo
764 3283 917 3343 factasunt,
942 3284 995 3331 iure
1018 3283 1142 3342 praetorio
1167 3282 1212 3329 niti
1239 3297 1294 3329 cum
1312 3282 1353 3328 hic

319 3368 564 3416 locustum11192
584 3368 661 3414 docet.
699 3368 732 3415 Et
750 3383 805 3415 cum
824 3369 910 3419 Cicero
928 3369 968 3416 hic
989 3369 1020 3415 ad
1046 3369 1084 3414 ius
1108 3368 1261 3428 pervenerit,
1285 3369 1300 3428 ς
1320 3369 1352 3416 33
1440 3407 1444 3415 .

284 3455 288 3462 ’
320 3454 371 3513 agit
389 3455 419 3500 de
437 3454 589 3502 calumniosa
602 3454 663 3501 iuris
676 3453 885 3515 interpretatione.
917 3454 1072 3514 Quamquam
1091 3453 1196 3501 alterum
1214 3455 1353 3513 exemplum

320 3539 349 3598 Q.
369 3538 441 3588 Fabii
459 3540 582 3587 Labeonis
601 3554 651 3586 non
669 3541 700 3586 ad
719 3541 790 3599 hane,
810 3542 853 3589 sed
872 3545 966 3589 tantum
984 3543 1016 3588 ad
1035 3541 1119 3587 dolum
1138 3541 1250 3600 pertinet.

390 3624 416 3687 2)
434 3625 609 3685 Praeceptum,
636 3626 701 3684 quod
720 3626 750 3672 de
769 3627 849 3674 servis
871 3627 1007 3674 tractandis
1031 3627 1112 3686 datur,
1136 3641 1197 3673 sane
1215 3623 1351 3673 Stoicorum

321 3715 365 3759 est.
402 3712 495 3759 Seneca
513 3712 544 3759 de
556 3711 638 3758 benef.
651 3711 689 3757 III
707 3711 747 3758 22.
783 3712 875 3759 Ultimo
893 3713 965 3758 huius
984 3712 1134 3772 paragraphi
1152 3711 1276 3759 enuntiato
1294 3709 1352 3755 Pla-

323 3797 388 3844 tonis
408 3797 530 3844 sententia
548 3796 747 3856 deprehenditur,
766 3797 809 3844 etr.
828 3797 880 3844 eius
898 3811 950 3856 rep.
969 3798 995 3844 ΙΙ
1011 3812 1034 3857 p.
1049 3801 1121 3845 361a
1138 3796 1233 3856 (Heinii
1251 3787 1355 3856 adnot).

391 3885 418 3940 3)
438 3881 590 3942 „simulacra
607 3880 727 3929 virtutis“
752 3903 786 3924 =
811 3881 904 3935 εἴδωλα
925 3875 1018 3946 ἀρετῆς
1035 3883 1100 3929 Plat.
1127 3896 1205 3942 symp.
1231 3896 1256 3941 p.
1275 3880 1356 3940 alta,

291 4003 293 4007 .
322 3967 366 4014 aad
384 3967 449 4026 apud
467 3966 610 4014 Ciceronem
629 3965 679 4014 iam
696 3967 737 4016 fin.
757 3969 782 4014 11
802 3971 859 4017 110.
879 3969 901 4014 V
919 3969 961 4016 43.

391 4047 418 4119 4)
435 4051 504 4099 Lael.
523 4054 565 4102 33.
585 4053 625 4100 tt.
