3082 4712
647 301 860 364 ..23-

143 485 157 504 r
234 487 301 527 cero
325 467 436 541 gloriae
461 471 652 547 potissimum
683 472 876 550 cupiditatem
905 459 1056 552 improbat
1086 480 1121 534 ut
1150 478 1266 554 saepius

233 572 265 629 in
287 573 344 630 hoc
366 571 488 651 libr01).
528 573 563 652 55
589 579 714 634 66-69
738 583 837 634 antem
861 597 926 636 cam
949 579 1085 637 Panaetii
1109 580 1267 638 sententiis

233 694 304 733 sane
333 694 368 734 eo
397 677 589 748 eonveuiunt,
623 678 700 756 quod
725 679 884 738 Panaetius
908 699 1026 761 quoque
1057 689 1086 740 et
1116 684 1265 757 magnitu-

232 778 332 836 dinem
356 778 447 836 animi
479 779 510 837 in
536 781 813 856 perturbationibus
844 783 982 841 sedandis
1013 787 1144 859 ponebat
1174 793 1204 844 et
1233 793 1267 844 ut

232 880 324 940 ceteri
348 881 441 940 Stoici
464 882 710 960 quadripertitam
732 883 910 943 divisionem
932 887 1191 962 perturbationum
1215 889 1266 946 ad·

232 984 372 1055 hibebat;
406 985 456 1041 sed
479 985 647 1043 accuratior
669 985 818 1062 expositio
842 994 872 1044 et
895 988 980 1064 copia
1002 991 1161 1049 verborum
1184 984 1265 1050 Cice·

234 1087 318 1145 renis
335 1087 423 1165 esu).
462 1086 661 1164 §equentibus
678 1087 748 1144 iude
764 1088 802 1145 ab
816 1087 910 1147 altera
928 1095 1012 1166 parte
1027 1093 1206 1168 paragraphi
1225 1099 1264 1151 69

232 1191 334 1249 Cicero
365 1209 415 1261 ea,
446 1208 521 1268 quae
552 1209 567 1246 e
595 1189 736 1248 Panaetio
766 1191 942 1266 desumpsit,
975 1200 1005 1250 et
1036 1193 1206 1254 immutavit
1236 1202 1266 1253 et

184 1317 190 1325 ·
231 1293 324 1350 auxit.
371 1291 530 1364 Panaetius
554 1291 634 1350 euim
656 1299 772 1350 tautum
796 1293 998 1370 explicaturus
1025 1302 1090 1354 arat
1114 1297 1264 1371 magnitu-

231 1395 300 1453 dine
323 1394 416 1452 auimi
440 1394 533 1472 multo
556 1394 650 1468 magis
673 1395 716 1452 eis
740 1414 813 1472 opus
837 1416 915 1469 esse,
948 1397 998 1477 qui
1023 1417 1086 1456 ram
1112 1397 1144 1456 in
1168 1400 1264 1458 medio

229 1518 329 1557 rorum
352 1505 452 1572 agant,
476 1517 564 1577 quam
587 1497 785 1574 philosophis.
831 1499 934 1558 Cicero
966 1505 1152 1560 autemeam
1176 1520 1264 1579 quae·

231 1602 358 1659 ctionem
375 1605 498 1673 tractat,
523 1611 593 1658 nuni
618 1600 663 1658 cui
681 1600 803 1659 concedi
826 1601 922 1678 possit
944 1621 1007 1660 rem
1030 1602 1182 1679 publicam
1204 1625 1265 1663 non

231 1723 394 1782 capessere,
417 1707 449 1764 et
471 1702 661 1780 philosophis
684 1703 819 1762 additet
842 1724 901 1776 eos,
926 1704 976 1784 qui
999 1725 1074 1778 „uec
1089 1706 1194 1784 populi
1210 1727 1265 1766 nec

232 1807 402 1883 principum
423 1826 521 1865 mores
546 1807 625 1864 ferre
656 1806 887 1884 potueruut“³),
920 1813 950 1865 et
972 1826 1037 1880 eos,
1068 1809 1118 1887 qui
1149 1810 1264 1883 „deleo-

230 1914 333 1967 tantur
362 1931 394 1968 re
424 1929 477 1968 sua
506 1895 717 1984 familiari“4).
770 1908 785 1986 5
811 1911 850 1968 72
885 1915 984 1968 autem
1016 1910 1086 1968 iude
1117 1930 1135 1968 a
1164 1907 1277 1972 verbis'

230 2012 479 2089 „Capessentibus
508 2018 606 2071 autem
636 2033 698 2070 reru
728 2012 898 2090 publioam“
928 2013 1096 2073 accuratius
1128 2015 1265 2094 sequitur

231 2115 419 2185 Panaetium,
452 2117 500 2175 sed
524 2115 584 2175 iam
615 2115 630 2194 5
654 2115 693 2174 74
724 2135 827 2175 rursus
859 2115 1032 2190 digreditur.
1086 2115 1102 2195 5
1128 2116 1167 2176 74
1197 2138 1262 2198 sqq.

229 2218 308 2296 quod
333 2219 434 2279 Cicero
465 2219 590 2297 exponit
618 2239 666 2277 res
690 2219 866 2277 domesticas
897 2219 981 2277 nullo
1013 2219 1100 2278 modo
1132 2220 1262 2280 minores

228 2341 292 2378 esse
316 2340 403 2400 quam
427 2321 562 2392 bellicas,
594 2341 651 2401 quo
685 2327 799 2396 spectet
827 2322 901 2379 haeo
925 2320 1039 2398 opinio,
1072 2329 1198 2400 apparat
1224 2345 1262 2384 ex

229 2421 264 2502 55
288 2407 337 2484 77.
359 2425 448 2503 78⁵).
493 2425 678 2502 Peragraphi
703 2429 742 2483 80
766 2425 860 2483 altera
882 2430 968 2500 parte
990 2425 1026 2482 ad
1050 2425 1184 2483 Panaetii
1209 2446 1260 2486 ex·

177 2551 180 2556 ·
228 2527 421 2602 plicatioucm
443 2527 614 2598 revertitur,
639 2528 689 2585 sed
705 2513 763 2586 iam
786 2527 966 2602 paragraphi
981 2511 1019 2585 81
1043 2527 1150 2585 ultimo
1166 2548 1259 2587 enun-

229 2628 301 2688 tiato
324 2630 433 2689 iterum
456 2631 581 2689 adiuro
604 2630 673 2690 belli
693 2629 844 2706 trausitss).
889 2628 1109 2705 Medicorum‘l)
1133 2634 1163 2687 et
1186 2648 1259 2687 nau·

148 2803 151 2810 ¹
228 2738 325 2791 tarum
349 2733 496 2810 exempla,
529 2753 604 2812 quae
635 2732 650 2810 5
676 2738 715 2792 83
744 2733 941 2805 adhibentur,
974 2730 1105 2789 omnium
1127 2731 1259 2809 philoso-

227 2835 356 2910 phorum
386 2835 553 2894 communia
585 2840 670 2908 sunt3
702 2835 805 2894 Cicero
839 2835 881 2892 eis
911 2833 976 2911 ipsa
1007 2832 1125 2910 saepius
1153 2834 1258 2896 utitur.

229 2937 434 3016 Praeceptum,
459 2936 570 3017 quod5
588 2937 738 3010 sadatur,
762 2938 799 2996 ad
822 2935 946 3012 gloriam
963 2936 1108 3014 pcrtinet;
1130 2936 1257 2995 fortasse

229 3108 431 3118 —Q—

297 3190 322 3253 1)
341 3195 355 3254 ς
375 3196 415 3243 ae.
435 3195 475 3242 oe.

298 3277 323 3336 a)
342 3278 404 3325 oum
421 3279 436 3339 a
455 3283 487 3328 ca
505 3279 549 3325 cfr.
567 3279 597 3340 §a
617 3281 657 3327 aa
678 3282 718 3327 ac.

298 3359 323 3422 3)
341 3361 396 3420 Quo
414 3363 475 3410 haec
492 3369 610 3423 spectent,
628 3379 652 3410 v.
666 3365 776 3411 Mueller.
796 3369 820 3410 et
834 3364 907 3410 Heln.
922 3365 997 3410 adun.
1016 3388 1048 3396 -
1067 3361 1106 3408 De
1123 3361 1254 3422 generibus

226 3445 361 3506 hominum,
379 3461 441 3507 quae
460 3454 689 3507 commemorantur,
708 3450 751 3496 cfr.
770 3449 839 3494 Lael.
858 3449 873 3509 5
891 3450 923 3496 86
942 3463 979 3494 ex.

296 3534 325 3592 4)
343 3534 382 3580 De
406 3533 445 3580 his
469 3538 550 3580 autem
573 3536 598 3580 in
624 3535 781 3582 conclusione
799 3534 897 3580 demum
923 3532 995 3579 huius
1013 3532 1091 3592 partis
1109 3533 1124 3598 5
1144 3533 1176 3580 92
1194 3547 1254 3578 non-

226 3619 296 3664 nulla
313 3619 440 3679 praecipit.

294 3705 321 3770 5)
339 3706 432 3752 Eadem
449 3705 572 3752 sententia
589 3706 698 3764 tangitur
715 3705 789 3750 etiam
814 3705 828 3765 5
849 3704 880 3752 79
905 3709 929 3750 et
954 3705 1001 3766 823
1025 3704 1068 3750 cfr.
1087 3703 1162 3751 etiam
1186 3704 1253 3764 §aa

225 3806 262 3838 ex.
282 3797 306 3839 et
324 3806 379 3838 cum
395 3792 410 3853 5
429 3793 462 3840 80
479 3791 527 3838 im:
545 3791 576 3852 55
595 3793 626 3839 84
645 3795 669 3837 et
686 3793 727 3839 35.

295 3875 322 3940 6)
339 3877 389 3924 Cfr.
407 3878 422 3938 5
441 3879 474 3926 34
491 3881 587 3924 etcum
604 3877 619 3938 5
639 3878 685 3924 82:
704 3878 719 3938 5
737 3877 779 3925 35.

295 3965 321 4023 t)
340 3963 390 4012 cfr.
409 3963 475 4013 Sext.
492 3963 565 4029 Emp.
583 3963 650 4026 Hyp.
670 3964 712 4010 111
731 3963 780 4012 280
798 3959 881 4015 (nain.
900 3957 975 4028 adu).
