3082 4712
689 389 900 456 ,15-

273 565 385 626 inertia
414 567 475 625 huc
505 586 565 626 non
599 566 741 643 quadrat:
776 564 889 636 Cicero,
921 583 981 642 qua
1011 568 1077 623 arat
1103 563 1305 638 neglegentia,

274 669 415 748 pigritiae
438 669 561 728 notione
587 669 731 727 adductus
761 686 827 726 esse
850 666 979 738 videtur,
1010 670 1045 725 ut
1066 668 1192 728 verbum
1223 665 1304 726 idem

274 772 446 846 significans
468 771 600 830 adderet.
646 770 758 829 Graece
788 771 915 828 fortasse
943 773 1009 828 erat
1040 763 1232 843 ἀνελευθερία
1254 768 1306 829 rel

273 876 335 934 tale
358 873 441 952 quid.

360 992 457 1072 Atqui
472 991 661 1066 inimicitiae,
683 992 778 1065 labor,
801 996 938 1068 sumptus
961 993 1066 1050 adeas
1088 1011 1137 1051 res
1159 994 1306 1067 spectant,

278 1097 388 1176 quibus
411 1098 448 1154 ad
472 1098 548 1156 bene
571 1099 719 1176 beateque
734 1095 899 1157 vivendum
922 1101 1043 1173 praeter
1065 1093 1208 1156 virtutem
1232 1113 1307 1171 opus

277 1218 341 1257 esse
376 1200 528 1257 statuebat
559 1198 736 1270 Panaetius,
769 1197 807 1256 ad
837 1191 929 1272 ἰσχύν,
961 1189 1084 1276 ὑγιείαν,
1116 1197 1305 1274 χορηγίανῑ).

278 1299 365 1363 Quod
387 1300 497 1360 attinet
519 1301 556 1359 ad
579 1305 716 1376 sumptus
738 1305 769 1359 et
790 1293 843 1374 τὴν
866 1299 1015 1376 χορηγίαν,
1042 1301 1100 1358 hoc
1123 1317 1178 1376 per
1201 1319 1231 1360 se
1254 1319 1306 1376 ap·

277 1409 372 1480 paret.
417 1404 474 1461 Sed
489 1402 581 1462 etiam
603 1404 690 1462 labor
712 1407 743 1461 et
766 1393 785 1474 ἡ
800 1395 896 1480 ὑγιεία
913 1403 951 1460 ad
974 1402 1102 1460 eundem
1125 1401 1216 1459 finem
1239 1421 1306 1478 per·

277 1504 385 1576 tinent,
410 1505 446 1563 ad
469 1506 595 1564 salutem
620 1505 687 1564 sive
710 1504 845 1583 corporis
868 1504 934 1564 sive
957 1503 1060 1576 animi,
1087 1503 1135 1562 cui
1158 1509 1240 1563 certe
1263 1503 1307 1561 of·

276 1605 341 1664 ficit
361 1607 449 1666 Iabor
472 1602 598 1684 (πόνος),
643 1609 683 1666 Et
706 1598 725 1681 ἦ
749 1601 829 1682 ἰσχύς
851 1606 1025 1666 aPanaetio
1043 1605 1234 1680 intellegitur
1248 1605 1307 1677 vis,

276 1708 382 1783 gratia,
412 1710 584 1782 auctoritas,
611 1729 698 1789 quam
724 1708 791 1789 quis
813 1711 924 1768 habeat
946 1709 1026 1785 apud
1046 1708 1236 1785 hominem),
1260 1709 1307 1768 cui

278 1811 351 1869 item
376 1810 531 1889 oppositae
555 1818 625 1870 sunt
647 1812 834 1871 inimicitiae.

362 1929 407 1986 Ea
421 1927 524 2003 igitur,
547 1949 623 2009 quae
638 1932 675 1990 de
689 1930 861 1989 iniustitiae
876 1931 991 1988 duobus
1015 1929 1176 2004 generibus
1192 1950 1308 1989 eorum·

279 2049 335 2108 que
359 2030 456 2089 causis
479 2034 683 2109 proferuntur,
712 2054 750 2092 ex
774 2031 911 2092 Panaetii
932 2031 1011 2092 libro
1034 2033 1198 2092 fluxerunt.
1242 2032 1308 2091 Sin-

278 2134 349 2206 gula
370 2153 451 2192 nunc
473 2134 594 2213 quidem
617 2135 893 2212 praetermittamus
917 2139 947 2194 et
970 2135 1071 2194 statim
1093 2134 1249 2196 videamus
1271 2135 1309 2194 de

278 2235 485 2296 beneficentia.
524 2238 612 2296 Hanc
634 2243 695 2296 tres
714 2237 868 2297 cautiones
890 2240 1003 2297 habere
1018 2237 1094 2296 dicit
1109 2236 1212 2298 Cicero
1227 2241 1242 2312 ᾗ
1257 2243 1308 2296 42.

278 2339 381 2397 Prima
406 2339 516 2413 igitur,
547 2359 624 2419 quae
653 2341 749 2400 altera
777 2346 864 2419 parte
894 2340 1077 2419 paragraphi
1099 2347 1139 2400 42
1170 2346 1201 2400 et
1229 2345 1245 2416 ξ
1268 2347 1307 2398 43

279 2441 449 2500 accuratius
472 2441 656 2519 explicatur,
686 2443 766 2502 idem
789 2443 826 2503 de
851 2442 1007 2503 beneficiis
1036 2443 1199 2522 praecipit,
1230 2445 1310 2523 quod

282 2540 298 2620 S
324 2548 362 2601 32
387 2544 424 2603 de
447 2543 658 2623 promissis³)‚
690 2566 727 2604 ne
751 2546 831 2605 obsit
852 2546 1022 2620 benignitas
1046 2546 1098 2620 eis,
1127 2547 1235 2626 quibus
1259 2550 1309 2606 be·

280 2645 373 2720 nigre
396 2647 534 2708 vids-atur
556 2646 639 2721 fieri;
671 2646 801 2722 additur,
826 2670 865 2710 ne
888 2628 1052 2722 beneficiis,
1082 2669 1158 2729 quae
1180 2649 1212 2708 in
1235 2649 1310 2709 alios

280 2749 483 2823 conferamus,
515 2749 583 2810 aliis
606 2771 777 2812 noceamus.
822 2753 889 2813 Hoc
919 2757 1112 2831 praeceptum
1141 2752 1173 2811 in
1205 2752 1309 2831 primis

279 2851 385 2909 adres
415 2872 553 2910 romanas
584 2854 692 2913 aetatis
716 2853 929 2914 Ciceronianae
959 2861 1095 2934 spectare
1124 2857 1311 2914 demonstrat

278 2949 362 3029 §tta
402 2954 564 3013 Praeterea
587 2955 691 3014 Oicero
714 2955 746 3014 id
768 2957 957 3034 potissimum
979 2977 1073 3032 genus
1096 2958 1309 3019 beneficiorum

277 3055 411 3133 respicit,
438 3058 519 3136 quod
540 3058 670 3136 pecunia
699 3064 831 3133 constat;
854 3062 984 3120 secunda
1005 3081 1078 3121 vero
1102 3059 1209 3134 cautio,
1233 3081 1309 3142 quae

279 3154 295 3233 ξ
319 3161 358 3214 44
381 3158 563 3232 illustratur,
587 3159 703 3220 tantum
728 3163 845 3222 adhoc
867 3183 961 3240 genus
988 3163 1128 3241 pertinet.
1173 3165 1231 3224 Sed
1253 3167 1309 3224 Pa·

278 3259 378 3317 naetio
410 3280 514 3321 veram
545 3263 775 3322 beneficentiam
808 3285 899 3344 opera
930 3268 1031 3342 potius
1064 3287 1153 3347 quam
1182 3267 1310 3346 pecunia

278 3361 424 3435 praestari
448 3362 636 3440 placebat4).
683 3366 783 3430 Quare
812 3367 867 3426 illa
894 3379 1057 3446 praecepta
1088 3369 1116 3429 ei
1145 3371 1309 3430 attribuere

278 3479 340 3518 non
361 3461 442 3522 licet.
488 3463 599 3524 Contra
620 3467 713 3526 tertia
743 3469 842 3529 cautio
874 3471 911 3528 ad
940 3491 1056 3531 omnem
1080 3473 1307 3532 beneficentiam

278 3562 412 3641 pertinet
435 3569 466 3624 et
487 3567 639 3627 consentit
661 3589 728 3651 cum
749 3571 918 3631 Stoicorum
944 3572 1119 3632 definitione
1142 3575 1194 3649 τῆς
1216 3573 1310 3634 drauc-

349 3800 374 3867 1)
392 3803 468 3865 Diog.
487 3803 517 3853 L.
538 3803 586 3850 VII
605 3806 662 3852 128.
699 3805 796 3853 Fowlsr
814 3823 837 3868 p.
856 3812 899 3858 44.

346 3892 372 3952 2)
391 3889 447 3938 Hoc
465 3891 675 3939 demonstrabitur
692 3892 759 3940 infra
774 3908 799 3954 p.
819 3897 861 3943 36.

350 3976 376 4038 3)
394 3975 426 4026 V.
445 3976 510 4024 infra
528 3992 553 4038 p.
573 3981 613 4038 18,
628 3982 650 4025 1.

347 4057 374 4127 4)
393 4059 424 4114 V.
444 4061 509 4111 intra
527 4079 552 4127 p.
573 4066 606 4113 34
624 4078 677 4126 sqq.
697 4069 721 4114 et
739 4065 780 4116 off.
799 4067 824 4115 11
843 4067 858 4131 ἓ
876 4068 908 4116 52
928 4082 982 4131 sqq.
