3082 4712
701 326 913 392 „24-

292 500 367 560 haeo
390 520 427 560 ax
449 500 535 560 libris
557 500 594 559 de
617 499 712 574 gloria
741 495 943 578 fluxerunt1).
992 499 1170 576 §§85-87
1196 505 1323 578 quatuor
1405 507 1417 524 ⁸

293 609 454 681 praecepta
476 602 611 662 Platonis
633 608 916 673 commemorantum
941 623 1065 683 qnorum
1087 601 1215 680 primum
1239 603 1266 680 (ξ
1283 607 1319 660 85

290 705 346 784 in.)
378 725 443 765 aum
471 705 528 779 eis,
560 724 635 784 quaa
665 706 700 764 da
730 704 945 779 magnitudinis
975 705 1068 764 animi
1091 706 1120 765 vi
1152 723 1186 764 ao
1217 710 1323 764 natura

291 809 452 867 Panaetius
482 811 640 879 statuerat,
673 827 731 865 uon
764 807 858 881 magis
888 809 1029 867 convenit
1052 827 1139 887 quarn
1170 826 1217 885 aa,
1248 827 1323 887 quae

291 914 307 986 ξ
331 917 370 970 62
402 931 444 990 sq.
476 909 710 988 praeeipiuntur.
762 913 793 985 ἐξ
817 915 866 970 88.
900 915 937 968 89
972 912 1009 969 de
1037 911 1083 970 ira
1113 913 1175 970 fere
1206 912 1324 970 easdem

293 1013 457 1073 sententias
479 1013 611 1092 prolatas
633 1013 770 1074 invenies
793 1020 882 1094 atque
906 1014 991 1072 Tusa.
1009 1014 1052 1074 IV
1077 1019 1126 1074 43.
1151 1015 1200 1072 79.
1244 1017 1260 1086 ξ
1282 1018 1322 1072 90

292 1117 395 1175 Cicero
418 1118 455 1175 ad
478 1117 615 1176 Panaetii
638 1116 869 1192 explicationem
895 1116 1025 1195 raditi).
1070 1120 1146 1191 §91
1180 1127 1217 1174 'ex
1246 1115 1323 1175 libro

292 1220 329 1276 de
350 1218 482 1280 amioitia
504 1220 611 1279 hausta
634 1220 719 1292 est3).

379 1340 467 1398 Hauo
488 1339 672 1400 inconditam
700 1339 809 1399 molem
832 1339 1048 1400 sententiarum
1070 1340 1113 1399 ita
1134 1340 1165 1398 in
1190 1341 1325 1400 ordinem

295 1442 431 1517 digerere
454 1442 557 1502 Oioero
580 1447 703 1502 donatus
734 1449 793 1516 est,
823 1448 858 1502 ut
885 1444 942 1502 duo
972 1463 1083 1516 genera
1112 1444 1325 1518 magnitudinis

293 1545 384 1604 animi
408 1565 472 1604 asse
495 1549 651 1617 statueret,
679 1565 776 1603 unum
800 1546 877 1624 quod
899 1545 931 1603 in
954 1547 1042 1604 rebus
1069 1545 1182 1624 asparis
1212 1546 1240 1620 (ξ
1262 1546 1325 1622 62),

294 1649 420 1706 alterum
444 1648 522 1726 quod
544 1648 577 1706 in
598 1649 688 1720 rebus
710 1647 862 1725 prosperis
885 1653 1024 1708 earnatur
1053 1651 1080 1726 (ᾗ
1104 1651 1167 1726 90).
1213 1649 1268 1707 Sed
1291 1649 1325 1706 in

293 1750 393 1827 priore
415 1750 521 1809 harum
544 1749 674 1827 partium
696 1750 790 1809 multa
812 1756 987 1824 tractantur,
1015 1770 1090 1829 quaa
1113 1751 1234 1809 minimo
1257 1772 1325 1830 par-

294 1852 394 1912 tinent
416 1852 453 1910 ad
475 1872 522 1911 ras
545 1871 674 1930 asperas.

381 1973 525 2032 Venimus
555 1973 615 2033 iam
645 1974 682 2032 ad
706 1979 842 2053 quartam
863 1972 1022 2045 virtutem,
1052 1973 1135 2033 ouius
1167 1973 1199 2032 in
1229 1974 1327 2034 vicem

296 2075 400 2135 Oioero
417 2076 570 2134 notionem
586 2075 685 2134 decori
703 2076 768 2145 (τοῦ
779 2070 957 2152 πρέποντος)
976 2076 1105 2154 reponit.
1132 2076 1325 2151 Voeabulum,

298 2178 377 2256 quod
402 2181 447 2236 ost
466 2172 598 2255 πρέπων,
623 2177 771 2254 duplicem
793 2178 855 2238 vim
877 2179 976 2252 habet,
1002 2197 1077 2257 quae
1100 2199 1160 2238 uon
1184 2178 1255 2238 eatis
1277 2198 1327 2238 ao-

297 2287 399 2340 aurate
422 2279 565 2354 distingui
592 2281 676 2339 solet.
721 2281 778 2340 Ubi
809 2282 944 2340 absolute
974 2287 1148 2360 usurpatur,
1179 2280 1328 2356 signifieat

296 2383 374 2442 idem
404 2385 480 2456 iera,
513 2384 590 2462 quod
620 2402 725 2456 graece
747 2376 879 2458 κόσμιος,
908 2376 1079 2460 εὐπρεπής,
1112 2389 1142 2442 et
1164 2386 1242 2463 quod
1272 2405 1326 2444 nos

297 2486 423 2545 dicimus
445 2485 713 2561 „wohlonstdndiffi
737 2486 928 2559 sahieklioh“,
952 2491 982 2545 et
1001 2506 1062 2544 non
1078 2487 1181 2563 prooul
1204 2488 1287 2545 abest
1310 2508 1328 2544 a

298 2590 423 2650 notione
445 2586 615 2664 honesfi⁴);
639 2589 690 2648 sad
714 2607 801 2666 saepe
825 2590 948 2648 eandem
967 2589 1028 2650 vim
1050 2590 1142 2649 habet
1163 2598 1252 2669 atque
1274 2609 1327 2650 vo-

298 2693 412 2764 eabula,
442 2709 517 2769 quae
542 2697 612 2750 sunt
634 2697 756 2768 „aptus,
786 2693 1049 2764 accommodatus“,
1079 2713 1184 2767 graece
1207 2690 1326 2765 οἰκεῖος,

299 2795 377 2873 quod
401 2813 456 2852 nos
478 2793 604 2852 dioimus
626 2799 868 2868 „angemessen“.
911 2796 1027 2855 Neutra
1050 2815 1121 2855 vero
1145 2796 1250 2854 harum
1273 2815 1327 2854 no·

298 2898 414 2957 tionum
434 2916 499 2956 eum
521 2896 587 2975 ipsa
609 2902 714 2976 quarta
733 2897 845 2958 virtute
862 2899 1020 2978 quiequam
1043 2918 1197 2958 eommune
1220 2899 1326 2972 habet,

299 3006 414 3060 tantum
437 3000 468 3058 in
493 3000 666 3060 definitione
689 3001 777 3059 unius
801 3020 901 3060 earum
923 3001 1082 3074 virtutum,
1113 3021 1188 3080 quae
1210 3002 1245 3083 τῇ
1269 3018 1326 3058 σω-

300 3096 436 3184 φροσύνῃ
453 3103 648 3175 subioiuntur,
672 3104 763 3163 Stoioi
788 3109 914 3162 utuntur
935 3104 988 3163 illa
1009 3104 1109 3182 priore
1131 3103 1254 3163 notione
1273 3105 1327 3162 τοῦ

370 3360 394 3417 1)
413 3358 463 3406 cfr.
483 3357 568 3416 verba,
594 3371 656 3417 quae
674 3362 731 3406 sunt
748 3358 763 3419 ξ
782 3361 814 3406 83
833 3372 855 3404 a.
875 3373 912 3405 ax.
931 3358 1029 3418 „gloria
1046 3362 1071 3406 ot
1088 3358 1328 3406 benivolentia

299 3443 415 3503 civium“,
440 3458 496 3490 oum
514 3443 557 3502 eis,
582 3457 644 3503 quae
663 3444 704 3492 off.
722 3445 747 3490 11
765 3445 795 3492 da
813 3444 908 3504 gloriae
926 3446 952 3490 vi
970 3458 998 3491 ao
1016 3449 1105 3491 natura
1122 3451 1283 3504 exponuntur,
1302 3450 1329 3491 et

299 3546 323 3577 v.
341 3531 407 3578 inira
423 3545 447 3590 p.
466 3532 506 3579 32.

369 3635 395 3693 2)
414 3631 520 3680 Socratis
538 3634 676 3692 exemplum
695 3635 841 3682 acioerone
859 3634 962 3680 allatum
981 3636 1031 3694 est;
1050 3633 1115 3679 idem
1133 3632 1180 3679 diei
1197 3636 1279 3692 potest
1296 3633 1328 3678 de

300 3719 393 3777 Laelio,
417 3718 542 3778 Philippo,
566 3718 715 3765 Alexandro.
751 3719 1068 3768 cn.Tuse.11131.21.
1104 3719 1203 3765 Laelius
1222 3717 1327 3765 similem

299 3804 330 3852 ob
349 3805 480 3865 oausam§
501 3806 548 3853 108
566 3805 689 3851 laudatur.

368 3907 394 3972 3)
411 3909 480 3955 Lael.
498 3908 513 3969 ξ
530 3909 571 3955 44.
592 3907 632 3954 91.

368 4000 395 4067 4)
413 4001 496 4062 Quare
512 4003 634 4064 „deoera“
653 4006 677 4048 et
696 4003 843 4064 „honestum
860 4003 933 4051 esse“
951 4016 1024 4064 saepo
1042 4001 1231 4064 coniunguntur.
