3082 4712
691 353 904 418 ..16-

284 521 403 602 οσύνης,
428 547 504 606 quae
528 531 574 587 est
596 522 742 602 ἐπιστήμη
765 518 966 603 incorporant}
982 529 1034 604 τῆς
1049 518 1132 598 diluo
1155 520 1313 608 ἕκάστῳῑ).

283 629 463 707 Explicatur
485 635 585 689 autem
609 628 625 707 ᾖ
646 634 696 690 45.
735 630 794 689 Sed
809 632 890 710 quod
912 632 941 690 h.
956 630 979 690 l.
1002 629 1093 690 etiam
1116 629 1313 690 communitas

282 751 317 792 ao
340 732 466 792 societas
483 731 566 793 vitae
590 734 751 808 spectanda
774 753 838 792 esse
861 733 981 804 dicitur,
1003 734 1079 792 haec
1101 734 1138 792 ad
1160 732 1211 807 τῆς
1230 723 1313 802 α’ξίας

282 834 437 895 notionem
460 835 581 893 omniuo
596 854 657 893 non
680 835 855 912 pertinen).
901 835 946 894 De
962 834 1059 894 tribus
1083 834 1190 894 ceteris
1210 837 1310 906 rebus,

284 957 359 1017 quae
381 937 587 1014 respiciendae
611 937 685 1010 sint,
717 936 821 997 (licero
843 937 908 1012 agit
930 935 966 1016 ἓξ
991 942 1117 996 46-49
1140 935 1310 1016 etquidem

283 1041 320 1098 ds
343 1040 476 1101 moribus
500 1039 516 1118 ς
540 1045 596 1111 46,
626 1041 663 1098 de
692 1039 791 1099 animo
823 1059 894 1116 erga
923 1060 994 1113 nos,
1027 1059 1116 1119 quem
1145 1037 1311 1098 accuratius

283 1143 418 1219 appellat
439 1141 686 1216 benivolentiam,
711 1141 727 1220 ς
744 1141 794 1216 47,
817 1147 880 1202 tum
896 1142 966 1201 inde
989 1141 1123 1204 averbis
1146 1141 1211 1215 „sin
1226 1144 1314 1199 erunt

283 1244 410 1304 merita“
432 1247 469 1304 de
492 1243 601 1304 officiis
622 1245 673 1304 vel
696 1245 850 1304 beneficiis
872 1246 910 1303 ad
932 1249 1049 1304 nostras
1072 1242 1223 1304 utilitates
1245 1245 1314 1300 anta

287 1346 415 1406 collatis.

368 1451 452 1510 Haeo
475 1451 611 1511 conferas
635 1471 700 1510 oum
724 1451 777 1525 eis,
800 1469 876 1530 quae
899 1451 936 1508 de
962 1448 1115 1508 iniustitia
1137 1446 1316 1508 Panaetium

285 1552 460 1628 exposuisse
482 1552 630 1614 vidimus:
659 1555 823 1612 cohaerent
848 1553 928 1612 enim
951 1551 1110 1611 artissima.
1156 1552 1232 1609 Nam
1256 1549 1317 1608 tria

286 1657 433 1715 secundae
457 1655 580 1716 virtutis
603 1676 729 1715 munera
750 1655 995 1731 distinguuntur:
1025 1653 1157 1733 primum
1186 1674 1225 1712 ne
1248 1652 1316 1733 quis

284 1759 348 1834 ipse
371 1757 514 1816 iniuriam
542 1757 671 1832 inferat;
702 1758 811 1818 deinde
833 1763 868 1818 nt
889 1757 1042 1829 iniuriam,
1071 1777 1148 1836 quae
1177 1759 1214 1815 ab
1245 1755 1315 1814 aliis

283 1860 424 1934 infertur,
440 1860 616 1936 prohibeat;
636 1865 700 1920 tum
716 1868 750 1920 ut
765 1862 846 1921 ultro
862 1861 1009 1921 beneficia
1025 1863 1175 1936 praebeat.
1215 1859 1315 1934 Oppo-

283 1968 398 2022 nuntur
419 1962 500 2022 inter
523 1983 554 2022 se
577 1964 708 2040 primum
735 1969 765 2022 at
795 1963 936 2037 tertium
970 1965 1133 2024 secundum
1163 1982 1198 2022 ea
1228 1961 1315 2040 quasi

285 2063 366 2124 inter
390 2085 421 2124 se
445 2065 608 2141 coniungit.

370 2169 531 2227 Praeterea
547 2167 683 2243 singulae
706 2188 821 2240 causae,
845 2168 955 2247 quibus
977 2166 1116 2228 homines
1136 2167 1174 2227 ad
1194 2164 1315 2225 iniusti-

284 2269 358 2329 tiam
381 2271 570 2329 adduountur
585 2275 616 2329 et
631 2271 740 2352 quibus
762 2271 800 2329 ad
818 2269 1048 2330 beneficentiam
1063 2268 1172 2330 adduci
1194 2270 1315 2341 debent,

285 2372 441 2450 aptissime
462 2371 544 2433 inter
567 2393 598 2432 se
620 2375 813 2450 respondent.
857 2375 898 2432 Et
915 2373 1037 2453 quidem
1059 2372 1188 2432 maxime
1210 2391 1315 2431 rursus

286 2497 329 2550 ea,
353 2495 429 2556 quaa
453 2477 489 2535 de
512 2476 620 2552 primo,
644 2481 675 2535 et
697 2497 740 2552 ea,
764 2497 840 2557 qnae
855 2477 892 2536 de
915 2476 1006 2535 tertio
1026 2495 1150 2535 munere
1164 2476 1313 2545 dicuntur,

284 2578 366 2637 inter
388 2597 419 2636 se
434 2577 572 2652 opposita
588 2583 666 2637 sunt.
711 2580 788 2637 Nam
802 2579 845 2656 is,
865 2577 918 2659 qui
938 2577 1083 2637 iniuriam
1105 2577 1192 2637 alteri
1210 2576 1312 2645 infert,

286 2685 338 2738 aut
361 2678 497 2738 consulto
512 2681 570 2738 hoo
584 2678 672 2749 facit3
697 2683 748 2738 aut
764 2683 844 2758 quod
862 2680 980 2752 metuit,
1001 2701 1049 2753 ne,
1072 2679 1131 2739 nisi
1145 2677 1177 2736 id
1194 2675 1310 2747 fecerit,

285 2781 350 2856 ipse
373 2782 411 2839 ab
434 2799 478 2856 ao,
501 2779 550 2839 cni
571 2780 713 2840 illaturus
737 2786 791 2854 est,
814 2782 914 2861 aliquo
937 2781 1088 2841 afficiatur
1107 2779 1312 2851 incommodo;

286 2888 339 2942 aut
361 2884 441 2964 quod
466 2882 550 2959 cupit
580 2885 617 2942 ab
647 2883 700 2942 illo
733 2885 920 2944 commodum
950 2884 1006 2945 sibi
1037 2901 1218 2961 comparare.
1262 2880 1313 2938 Illi

286 2985 381 3044 metui
402 2984 435 3045 in
458 2984 659 3062 explicatione
681 2986 897 3046 beneficentiae
921 2992 952 3046 et
973 2987 1137 3063 respondet
1163 2990 1195 3045 et
1223 3003 1312 3059 oppo-

288 3087 346 3145 sita
369 3093 415 3146 ast
437 3087 653 3160 benivolentia,
677 3107 766 3166 quam
783 3088 849 3166 quis
872 3090 959 3149 nobis
978 3089 1039 3148 iam
1054 3087 1221 3168 praestitit3
1242 3085 1314 3144 huic

287 3187 447 3264 cupiditati
470 3208 509 3246 ex
531 3188 658 3247 adverso
681 3193 835 3265 ponuntur
856 3191 1011 3266 beneficia,
1039 3212 1115 3272 quae
1138 3191 1206 3272 quis
1228 3186 1316 3248 nobis

286 3288 347 3348 iam
370 3289 480 3349 tribuit
491 3289 529 3367 ³).

361 3476 385 3542 1)
404 3478 472 3526 Stob.
492 3481 537 3527 ecl.
556 3480 580 3527 11
597 3495 622 3540 p.
642 3481 682 3538 59,
702 3482 717 3528 9
734 3478 775 3528 W.

358 3561 383 3627 2)
400 3565 430 3610 In
452 3579 481 3612 ea
502 3565 625 3613 servanda
645 3564 730 3614 Cicero
754 3566 768 3626 ξ
790 3568 820 3614 1'1
845 3569 870 3613 et
894 3568 927 3614 20
952 3581 1074 3616 summam
1096 3569 1171 3616 totius
1196 3567 1318 3616 secundae

288 3648 390 3696 virtutis
408 3655 531 3707 posuerat.

358 3733 382 3797 3)
402 3733 524 3792 Quoniam
543 3737 573 3781 ad
595 3735 783 3783 beneficentiam
800 3737 913 3785 homines
937 3738 1025 3785 adduci
1042 3739 1098 3786 vult
1115 3736 1248 3785 Panaetius
1269 3735 1318 3794 pri·

289 3834 329 3867 mo
353 3820 408 3867 loco
425 3820 558 3867 virtutibus
576 3833 674 3879 eornm,
699 3821 724 3866 in
743 3835 804 3880 quos
829 3822 951 3871 beneficia
974 3824 1123 3871 conferenda
1146 3827 1204 3870 sunt
1222 3823 1247 3882 (ξ
1265 3821 1318 3877 46),

289 3910 479 3954 consentaneum
497 3911 535 3952 est
553 3906 665 3974 consulto
686 3905 803 3954 iniuriam
826 3907 910 3954 inferri
934 3909 1040 3956 maxime
1062 3917 1163 3969 propter
1186 3909 1252 3965 eius,
1277 3903 1317 3950 cui

288 3991 401 4049 infertur,
420 3991 488 4038 vitia.
523 3988 572 4037 Sed
589 3989 655 4036 hauc
671 3994 765 4050 partem
784 3991 916 4041 divisionis
934 3999 977 4040 aut
991 3992 1077 4041 Cicero
1095 3998 1137 4041 aut
1154 3995 1208 4054 ipse
1224 3993 1319 4038 Panas-

288 4077 337 4128 tius
355 4075 529 4140 praetermisit.
