3082 4712
663 407 853 474 -5„.

244 590 278 645 ut
293 588 362 644 sunt
376 584 564 658 athletarum,
585 584 635 663 qui
651 580 897 666 pancrati[ast]ae
915 590 1069 645 vocantur.
1103 586 1180 644 Nam
1201 583 1278 646 sicut

243 687 288 745 illi
311 689 347 745 ad
370 688 541 746 certandum
563 687 662 747 vocati
690 686 830 762 proiectis
862 687 921 746 alte
950 687 1079 746 brachiis
1110 688 1278 748 consistunt

244 797 391 869 caputque
414 794 445 847 et
473 810 505 848 cs
533 809 618 848 suum
641 789 777 847 manibus
807 788 953 864 oppositis
976 790 1059 868 quasi
1082 789 1161 850 vallo
1192 809 1277 865 prae-

242 892 391 964 muniunt,
413 893 605 970 membraque
629 909 729 949 eorum
747 891 854 963 omnia,
877 890 1050 970 priusquam
1072 911 1173 968 pugna
1196 904 1276 952 mota

243 1000 297 1067 est,
320 995 430 1053 autad
454 994 593 1053 vitandos
615 993 692 1052 ictus
715 999 800 1052 cauta
823 999 892 1052 sunt
915 994 1023 1052 autad
1052 993 1202 1052 faciendos
1224 1014 1277 1070 pa·

243 1105 320 1167 rata3
351 1097 394 1155 ita
415 1098 532 1154 animus
558 1105 648 1174 alque
679 1116 762 1155 mens
784 1095 841 1155 viri
865 1096 1027 1172 prudentis,
1052 1097 1193 1156 adversus
1215 1097 1275 1156 vim

249 1207 279 1258 et
300 1198 480 1275 petulantias
502 1197 677 1256 iniuriarum
709 1199 788 1257 omni
812 1199 842 1256 in
874 1197 938 1257 loco
963 1205 1052 1277 atque
1082 1199 1114 1257 in
1144 1205 1277 1275 tempore

246 1301 438 1377 prospiciens,
462 1321 524 1360 esse
541 1302 629 1360 debet
644 1309 751 1374 erecta,
766 1302 866 1375 ardua,
885 1308 986 1376 saepta
1002 1301 1104 1374 solide,
1128 1302 1275 1376 expedita,

246 1406 302 1462 iam
327 1405 460 1463 sollicitis
476 1423 637 1483 numquam
654 1405 803 1477 conivens,
827 1422 971 1481 nusquam
995 1403 1086 1462 aciem
1108 1421 1189 1463 suam
1206 1404 1275 1462 flec-

247 1514 321 1577 tens,
352 1507 475 1565 consilia
496 1506 752 1584 cogitationesque
774 1512 879 1565 contra
899 1507 1037 1564 fortunae
1058 1507 1184 1565 verbera
1206 1526 1275 1566 con-

246 1615 350 1689 traque
381 1610 503 1669 insidias
531 1609 712 1688 iniquorum,
745 1610 827 1689 quasi
857 1609 978 1667 brachia
1006 1616 1037 1669 et
1067 1629 1179 1682 manus,
1208 1628 1276 1684 prc-

243 1714 382 1784 tendens,
413 1732 450 1770 ne
474 1732 533 1791 qua
562 1713 595 1770 in
617 1731 649 1770 re
673 1713 795 1773 adversa
826 1716 857 1771 et
885 1713 1042 1788 repentina
1071 1713 1200 1772 incursio
1230 1713 1275 1770 in-

244 1790 355 1890 paratis
377 1816 612 1893 inprotectisque
635 1815 722 1873 nobis
748 1815 929 1874 oboriatur“.
980 1815 1068 1874 Hanc
1098 1815 1275 1874 sententiam

247 1937 425 1998 quamquam
449 1924 480 1976 et
507 1919 538 1974 in
561 1918 682 1977 brevius
705 1924 884 1978 contractam
908 1922 937 1977 et
958 1917 1110 1994 paululum
1134 1921 1274 1976 mutatam

246 2020 348 2078 cicero
373 2021 421 2079 off.
445 2021 463 2078 I
486 2020 567 2099 801)
590 2021 714 2080 exhibet
734 2021 782 2079 his
804 2019 919 2080 verbis:
950 2019 1069 2093 „Fortis
1090 2039 1161 2079 vero
1185 2018 1275 2077 animi

245 2127 275 2181 et
296 2124 459 2182 constantis
482 2129 528 2182 est
549 2143 609 2181 non
632 2123 799 2198 perturbari
830 2123 863 2181 in
892 2124 982 2182 rebus
1008 2121 1121 2197 asperis
1152 2141 1207 2180 nec
1229 2127 1275 2180 tu·

244 2225 438 2283 multuanlem
462 2225 497 2283 de
521 2226 614 2300 gradu
634 2225 718 2296 deici,
741 2231 775 2284 ut
790 2225 907 2298 dicitur,
931 2225 981 2284 sed
1004 2226 1153 2300 praesenti
1176 2225 1274 2283 animo

243 2329 286 2385 uti
310 2332 340 2385 et
362 2327 485 2386 consilio
509 2347 563 2386 nec
587 2347 604 2386 a
625 2328 739 2386 ratione
756 2327 934 2387 discederet
980 2326 1083 2386 Simile
1104 2327 1177 2385 illud
1200 2347 1272 2403 pan-

243 2429 446 2488 cratiastarum
469 2431 572 2490 Cicero
595 2431 685 2489 moris
707 2432 907 2490 Romanorum
930 2430 1047 2489 ratione
1077 2429 1179 2487 habita
1209 2449 1272 2487 mu·

243 2531 333 2601 tavit;
357 2551 424 2590 nam
439 2534 539 2610 rerba,
563 2553 638 2612 quae
661 2539 731 2592 sunt
752 2534 1001 2606 „tumultuantem
1025 2533 1060 2590 de
1080 2533 1173 2606 gradu
1188 2531 1272 2604 deici,

243 2641 277 2692 ut
300 2634 435 2708 dicitur“,
459 2637 495 2693 ad
518 2635 713 2709 gladiatorum
736 2636 850 2712 proelia
872 2640 1016 2711 spectant.
1053 2634 1111 2693 Illa
1125 2635 1273 2693 sententia

242 2744 339 2794 autem
374 2757 412 2794 ex
445 2738 579 2797 Panaetii
608 2739 686 2796 libro
719 2739 750 2796 II
785 2739 940 2813 desumpta
971 2738 1006 2794 ad
1041 2736 1271 2814 explicationem

243 2841 350 2898 tertiae
372 2840 501 2914 virtutis,
524 2841 737 2916 magnitudinis
760 2841 859 2913 animi,
882 2840 1021 2916 pertinet.

329 2960 417 3019 Nunc
439 2962 475 3018 ad
497 2961 595 3036 ipsum
617 2960 801 3037 propositum
828 2960 971 3019 accedam.

243 3216 269 3274 Ι.
312 3217 364 3275 De
395 3216 603 3277 Ciceronis
635 3216 731 3276 libri
764 3217 781 3274 I
814 3214 849 3295 ξς
885 3221 986 3274 1-60
1018 3218 1054 3275 et
1082 3214 1269 3275 Panaetii

679 3336 831 3396 librcL

331 3492 539 3551 Prohoemium
561 3491 632 3550 libri
656 3493 670 3550 I
693 3492 729 3550 de
752 3492 802 3552 off.
825 3490 868 3569 (ἓξ
895 3487 987 3564 1-6)
1013 3487 1152 3545 nimirum
1174 3487 1269 3563 ipsius

243 3593 391 3653 Ciceronis
407 3600 460 3653 est.
483 3628 526 3638 —
548 3596 580 3668 ἐξ
600 3594 627 3654 7.
646 3599 663 3651 8
687 3593 788 3652 Cicero
812 3593 985 3651 Panaetium
1007 3589 1165 3665 vituperat,
1189 3590 1268 3669 quod

244 3696 444 3756 definitionem
468 3695 559 3756 officii
581 3695 821 3772 praetermiserit,
849 3715 914 3754 cum
938 3694 1034 3752 omnis
1056 3711 1131 3772 quae
1153 3693 1268 3751 ratione
1361 3691 1362 3696 ’

241 3798 418 3875 suscipiatur
440 3800 476 3858 de
491 3799 591 3879 aliqua
612 3817 645 3857 re
665 3778 815 3857 institutio
838 3798 944 3856 debeat
965 3815 983 3854 a
1005 3795 1178 3855 definitione
1199 3814 1267 3870 pro-

312 4072 337 4137 1)
355 4073 429 4120 Falso
447 4086 497 4120 van
515 4072 619 4136 Lynden
637 4086 663 4134 p.
683 4074 731 4119 113
749 4084 786 4133 sq.
821 4069 919 4117 Fowler
935 4084 962 4130 p.
982 4071 996 4116 6
1015 4081 1051 4129 sq.
