3082 4712
714 349 928 414 ...14-

305 522 383 584 sulto
407 527 437 582 st
460 523 620 599 cogitatum
641 524 741 583 fucere
763 521 917 598 iniurium,
943 529 996 584 cut
1019 521 1160 601 impediri
1184 521 1333 582 dicuntur.

306 626 367 684 Eae
389 645 438 686 res
461 631 569 699 entem,
602 625 710 704 quibus
732 625 950 702 impediuntur,
981 625 1013 685 in
1036 627 1109 684 duas
1133 629 1233 702 portes
1254 624 1334 685 divi·

306 728 433 788 duntur:
461 733 534 802 „sut
554 728 755 803 neglegentia,
778 728 911 807 pigritia,
933 729 1046 788 inertie
1067 736 1120 788 eut
1142 728 1203 786 suis
1227 727 1334 788 studiis

306 830 484 909 quibusdem
507 830 822 908 occupationibusve“.
861 830 1017 905 Pigritism
1040 837 1138 890 eutem
1155 829 1250 890 Stoici
1272 851 1333 891 me-

305 931 351 991 tui
375 931 557 994 subicientes
573 953 637 994 essc
653 933 760 994 dicunt
778 940 908 1006 „metum
926 933 1138 1013 consequentis
1159 931 1332 1011 loboris“¹).

306 1034 482 1112 Respondet
501 1034 597 1110 igitur
618 1036 669 1096 hic
694 1041 792 1096 metus
822 1035 1033 1116 consequentis
1061 1034 1191 1106 laboris,
1221 1034 1273 1116 qui
1302 1035 1333 1093 in

305 1137 435 1196 secundo
458 1139 601 1198 membro
619 1140 781 1199 secundum
809 1141 909 1199 locum
939 1139 1065 1211 obtinet,
1096 1137 1251 1211 „lebori“,
1281 1138 1334 1218 qui

306 1239 337 1297 in
360 1239 457 1318 primo
480 1244 614 1301 membro
637 1243 741 1302 eodem
762 1243 829 1302 loco
848 1243 1030 1302 nominatur.
1075 1243 1170 1301 Porro
1192 1238 1334 1317 impediri

305 1341 442 1402 homines
472 1344 521 1402 his
553 1345 677 1404 studiis:
712 1350 790 1418 „cut
821 1345 919 1405 studio
949 1344 1017 1406 veri
1044 1342 1250 1418 investigandi
1281 1348 1335 1400 eut

308 1444 406 1504 studio
430 1445 475 1504 rei
496 1446 655 1506 familiaris
678 1449 807 1507 tuendae
833 1454 886 1506 cut
916 1446 984 1506 odio
1014 1445 1199 1506 hominum“.
1252 1445 1335 1503 Hnsc

305 1546 400 1622 igitur
422 1548 578 1623 pertinent
599 1550 637 1608 cd
660 1550 856 1629 cupiditatem
871 1551 922 1610 vel
943 1549 1118 1621 libidinem;
1140 1567 1209 1606 num
1233 1546 1334 1606 odium

306 1655 353 1708 est
381 1650 451 1723 „irc
479 1651 683 1726 inveterute“,
714 1653 760 1714 irc
790 1663 888 1712 autem
921 1651 1040 1726 „libido
1068 1648 1232 1729 poeniendi
1260 1649 1334 1721 cius,
1373 1661 1377 1670 “

307 1751 359 1832 qui
381 1751 503 1813 videtur
525 1755 649 1815 laesisse
671 1755 844 1833 iniurin“²).
890 1755 1029 1814 Studium
1059 1759 1158 1813 nutem
1182 1751 1226 1812 rei
1247 1751 1334 1811 iumi-

304 1853 391 1913 liuris
420 1857 550 1916 tuendae
579 1859 617 1916 ed
650 1860 783 1942 eundem,
807 1878 870 1918 rem
908 1862 1024 1935 spectat
1054 1860 1144 1935 etque
1176 1855 1207 1912 in
1235 1854 1332 1932 primo

305 1958 439 2017 membro
469 1965 630 2038 „sumptus
653 1961 805 2038 suscipere
827 1960 937 2019 nolle“.
982 1959 1021 2017 ut
1047 1958 1180 2018 studium
1203 1955 1267 2016 veri
1288 1957 1335 2014 in·

306 2059 479 2134 vestigandi
500 2060 532 2119 in
556 2063 659 2121 ecdem
682 2062 805 2137 regione
827 2066 968 2123 versatur
990 2066 1080 2141 atque
1102 2061 1254 2139 ,‚lcborem
1271 2080 1335 2118 sus·

307 2160 407 2238 cipere
430 2163 528 2222 nollc“
551 2169 583 2224 et
605 2164 818 2242 „pigritie“⁸).

393 2263 492 2327 Quare
526 2268 606 2346 quod
635 2269 668 2327 in
698 2269 795 2347 primo
828 2270 962 2329 membro
991 2267 1103 2327 dicitur
1133 2263 1334 2339 „inimicitius

307 2366 459 2446 suscipere
489 2371 599 2444 nollc“,
627 2370 661 2430 id
690 2391 809 2451 quoqne
840 2373 877 2430 cd
907 2371 1034 2430 eundem
1065 2369 1153 2428 finem
1181 2368 1334 2444 pertinere

308 2471 479 2547 putebimus
501 2479 590 2554 utque
618 2476 839 2551 neglegentium
870 2476 902 2534 in
933 2475 1062 2535 secundo
1091 2479 1123 2533 et
1149 2470 1249 2532 odium
1279 2473 1333 2530 ho-

307 2573 422 2632 minum
444 2575 590 2636 intortio
613 2582 755 2639 membro.
799 2578 966 2653 Neglegcre
995 2576 1090 2652 igitur
1119 2577 1150 2635 h.
1166 2576 1185 2633 l.
1210 2574 1333 2634 cundem

306 2674 370 2736 vim
393 2677 486 2737 hebet
507 2686 598 2758 etque
620 2685 823 2754 contemnere,
853 2680 1023 2759 despiccrc;
1053 2698 1159 2755 graece
1185 2677 1265 2736 enim
1288 2680 1335 2734 cst
1406 2691 1408 2696 ·

307 2771 468 2856 ὀλιγωρεῖν·
507 2780 567 2846 Qui
586 2783 676 2844 elicui
699 2785 841 2844 iniuriam
857 2784 964 2843 inferri
980 2782 1062 2856 sinit,
1084 2785 1138 2841 cut
1159 2777 1334 2839 inimicitius

307 2900 418 2955 eorum,
448 2883 500 2963 qui
521 2884 667 2961 inferunt,
699 2887 800 2948 subire
822 2908 883 2946 non
906 2887 987 2960 vult;
1018 2891 1071 2945 cut
1099 2905 1177 2957 eum,
1208 2881 1256 2942 cui
1285 2879 1333 2939 in·

305 2983 386 3043 iuria
400 2985 444 3064 fit,
467 2987 597 3066 despicit
617 2989 637 3052 i.
654 3011 679 3052 s.
696 2991 813 3064 metuit,
834 3011 873 3050 ne
895 3010 951 3068 pro
967 3010 1001 3049 cc
1024 2985 1201 3048 inimicitias
1221 3004 1334 3056 eorum,

307 3087 360 3165 qui
388 3086 531 3148 iniuriam
560 3091 690 3166 fuciunt,
722 3098 916 3170 suscepturus
945 3092 1000 3166 sit,
1029 3090 1081 3153 vel
1111 3110 1179 3149 eum
1208 3085 1334 3146 minoris

307 3187 447 3248 aestimet
468 3210 558 3272 quum
577 3213 635 3267 cos,
659 3194 710 3274 qui
732 3194 881 3266 inferunt;
905 3199 958 3253 eut
978 3193 1044 3272 ipsc
1061 3213 1137 3265 cum,
1161 3210 1250 3270 quem
1271 3209 1334 3247 non

307 3291 450 3366 defendit,
474 3294 598 3371 poenire
620 3296 712 3376 cupit.

393 3395 550 3477 Similique
572 3401 660 3460 modo
679 3409 815 3479 sumptus
839 3399 989 3478 suscipere
1011 3398 1093 3458 nolle
1117 3401 1148 3456 ct
1168 3394 1281 3455 inertie
1303 3398 1334 3453 et

307 3497 439 3558 studium
468 3501 514 3560 rei
544 3501 704 3562 familiaris
732 3503 814 3563 inter
843 3523 875 3562 se
905 3501 1113 3576 coniungendo
1143 3503 1222 3559 sunt.
1275 3497 1334 3556 Sed

376 3683 401 3752 1)
421 3686 493 3735 Tusc.
510 3689 547 3735 IV
566 3690 606 3737 19.
625 3681 700 3747 ὄκνος
715 3690 784 3738 stou.
803 3690 849 3740 eol.
867 3691 891 3736 11
909 3692 950 3749 92,
967 3688 1031 3735 lW.

376 3774 402 3831 2)
421 3772 492 3821 Tusc.
510 3774 546 3820 1v
564 3777 605 3824 20.

374 3856 401 3922 d)
419 3859 495 3906 Metui
513 3861 685 3920 consequentis
706 3861 799 3920 loboris
822 3865 889 3908 recte
906 3860 1041 3921 respondet
1063 3857 1185 3919 cupiditas
1203 3856 1257 3904 veri
1276 3869 1333 3916 cog·

307 3943 439 4004 noscendi3
466 3944 552 3994 labore
570 3946 623 3994 vito
639 3947 728 4008 active,
753 3948 807 3995 veri
825 3946 966 4008 cognitione
987 3945 1040 3992 vite
1057 3941 1251 4004 contemplative
1276 3954 1334 3990 oon·

305 4025 404 4080 tinctor.
