3082 4712
605 406 817 470 ..29-

191 581 227 636 ad
257 598 319 637 rem
352 578 562 654 explicandum
596 578 726 638 adhibet.
782 577 875 640 Quale
909 583 1005 636 autem
1036 578 1110 637 illud
1140 579 1220 639 vitae

192 665 365 760 morumque
387 683 523 739 decorum
547 680 711 756 intellegat,
734 681 922 755 cognoscitur
945 701 981 738 ex
1005 683 1020 755 ξ
1045 681 1082 739 73
1108 703 1155 742 ex.
1173 683 1221 756 74,

192 783 243 842 ubi
267 784 340 842 dicit
363 785 487 842 multum
511 783 656 843 interesse
685 783 764 842 inter
787 787 927 842 decere
960 791 991 843 et
1021 790 1221 859 oportere;

192 894 328 962 oportere
359 887 438 945 euim
471 887 766 962 perfectionem
800 887 948 946 declarare
978 887 1130 959 officii,
1164 907 1221 965 quo

192 1000 222 1048 et
244 1009 399 1064 semper
420 991 560 1047 utendum
585 988 625 1046 sit
647 996 677 1047 et
703 989 847 1062 omuibus,
880 991 984 1048 decere
1008 988 1092 1066 quasi
1121 994 1221 1065 aptum

192 1112 257 1151 esse
280 1097 570 1170 consentaneumque
601 1091 771 1166 tempori
802 1096 832 1149 et
864 1111 1016 1168 personae.
1061 1092 1142 1151 Luce
1165 1093 1221 1150 cla·

191 1195 255 1252 rius
278 1201 323 1252 est
344 1193 392 1251 hie
416 1186 448 1251 τό
471 1189 579 1251 τέλειον
602 1195 740 1268 καθῆκον
762 1193 812 1252 vel
836 1187 867 1251 τό
893 1185 939 1250 det
962 1195 1099 1268 καθῆκον
1112 1193 1140 1271 1)
1163 1194 1222 1269 sig·

192 1296 318 1368 nificari‚
342 1295 450 1373 quibus
473 1301 580 1355 natura
603 1296 740 1372 opposita
763 1301 832 1376 sunt
854 1289 886 1353 τό
904 1293 992 1371 μέσον
1015 1297 1152 1371 καθῆκον
1174 1297 1223 1354 vel

193 1395 225 1458 τό
250 1393 324 1456 uacci
347 1397 515 1475 περίστασιν
538 1397 725 1476 καθῆκονῖ).
774 1400 945 1478 Eodemque
967 1400 1053 1457 modo
1076 1399 1222 1475 accipien-

196 1505 265 1563 dum
289 1508 343 1575 cst,
368 1503 446 1580 quod
470 1502 571 1561 Cicero
593 1502 664 1575 §72
689 1503 762 1561 dicit
783 1505 862 1560 hunc
884 1504 979 1561 locum
1001 1504 1090 1577 longe
1113 1508 1143 1560 et
1163 1503 1222 1560 late

195 1611 346 1683 patentem
363 1604 556 1680 philosophos
571 1605 665 1663 solers
680 1603 718 1662 in
742 1605 900 1665 officiis
923 1611 1059 1679 tractare,
1082 1624 1141 1664 nou
1157 1625 1223 1663 cum

192 1711 229 1766 dc
258 1712 369 1768 reete
399 1707 456 1784 (=
477 1700 662 1785 κατόρθωμα
683 1735 726 1757 =
749 1705 856 1766 τέλειον
888 1709 1037 1783 καθῆκον)
1067 1709 1133 1783 ipso
1164 1707 1223 1764 dis-

193 1816 307 1887 putent.
353 1810 454 1869 Cicero
477 1809 569 1883 igitur
591 1810 622 1867 id
646 1806 770 1886 πρέπον,
803 1813 882 1889 quod
906 1813 941 1869 ad
965 1812 1056 1869 vitam
1083 1811 1222 1887 pertinet,

193 1933 288 1987 genus
318 1913 464 1989 quoddam
503 1913 596 1971 officii
635 1933 699 1972 esse
738 1913 873 1988 putavit;
911 1909 1035 1990 πρέπειν
1065 1918 1163 1972 autem
1194 1918 1224 1970 et

194 2008 340 2089 καθήκειν
362 2035 396 2072 eo
419 2014 535 2073 facilius
562 2015 641 2073 inter
663 2037 695 2075 se
724 2017 904 2075 confundere
926 2022 1053 2092 poterat,
1084 2015 1222 2096 quoniam

193 2124 353 2196 utrumque
374 2117 468 2176 latine
491 2123 537 2176 est
557 2119 709 2191 „decere“.
747 2120 786 2177 Et
808 2119 971 2178 sententias
992 2121 1050 2178 hoc
1072 2119 1135 2178 loco
1153 2119 1224 2177 Ora·

193 2221 266 2280 toris
289 2221 441 2298 expositas
463 2221 656 2299 respiciebat,
689 2241 755 2280 cum
782 2221 858 2281 libro
882 2224 897 2279 Ι
921 2222 969 2281 off.
995 2221 1222 2298 explicationem

192 2326 229 2382 ds
252 2325 357 2382 decoro
380 2324 534 2383 insereret.

278 2429 384 2485 Restat
406 2432 439 2485 ut
461 2446 555 2502 pauca
577 2427 780 2503 suppleamur,
811 2447 886 2506 quae
910 2448 999 2504 supra
1022 2426 1222 2504 praetermisi·

193 2550 267 2590 mus.
311 2531 343 2604 ἕξ
360 2535 409 2591 95.
428 2534 476 2589 98.
496 2533 554 2588 126
577 2531 677 2589 Cicero
701 2531 806 2589 statuit
827 2531 1052 2590 similitudinem
1076 2532 1221 2609 quandam

192 2633 377 2692 intercedere
399 2632 478 2691 iuter
501 2635 638 2691 decorum
661 2641 691 2692 et
713 2634 966 2709 pulchritudinem
997 2654 1151 2710 corporum
1175 2632 1223 2690 vel

193 2737 352 2794 formarum
383 2743 412 2794 et
435 2738 572 2794 decorum
601 2736 644 2795 ita
672 2737 736 2796 fere
766 2738 888 2810 servari,
919 2743 953 2797 ut
981 2738 1061 2796 illam
1092 2735 1224 2814 pulchri·

194 2837 328 2896 tudinem
350 2839 567 2916 imitaretur3):
591 2860 654 2898 cum
679 2841 726 2898 his
749 2842 802 2901 cfr.
825 2841 875 2900 fin.
891 2842 923 2898 ΙΙ
946 2842 984 2899 47
1010 2846 1040 2900 et
1062 2841 1110 2899 off.
1133 2840 1149 2897 I
1175 2844 1222 2898 14.

194 2941 233 2999 Et
254 2941 378 3000 fortasse
401 2943 439 3000 ed
461 2944 587 3000 eundem
608 2942 721 3001 fontem
748 2962 889 3003 revocare
918 2943 1003 3016 licet,
1034 2945 1112 3022 quod
1143 2946 1221 3016 §96

194 3043 296 3102 Oicero
321 3044 351 3103 id
375 3047 521 3118 decorum,
546 3044 741 3124 qucdgeneri
764 3045 927 3104 subiectum
950 3051 1003 3118 est,
1027 3047 1063 3103 ad
1086 3045 1224 3119 singulas

195 3150 301 3218 partes
328 3147 446 3207 honesti
474 3149 625 3224 pertinere
649 3148 722 3208 dicit
733 3149 772 3228 ¹¹),
803 3169 868 3208 cum
892 3154 1007 3208 tantum
1031 3151 1067 3207 ad
1090 3153 1224 3227 quartam

195 3244 337 3304 virtutem
360 3251 508 3324 pertineat
530 3257 562 3311 ct
585 3253 650 3329 ipse
681 3253 781 3313 statim
811 3252 938 3329 posted
967 3253 1045 3311 hauc
1076 3251 1170 3310 solum
1192 3250 1223 3308 id

267 3480 290 3550 1)
309 3485 383 3546 mog.
402 3487 431 3534 u.
449 3488 497 3535 vu
516 3491 572 3536 roc.

265 3570 290 3634 2)
308 3570 380 3629 Quod
401 3569 429 3625 τό
450 3567 491 3624 cisi
514 3575 629 3640 naiteinos
648 3591 697 3623 non
723 3593 820 3637 semper
844 3584 880 3624 est
897 3574 989 3627 τέλειον
1007 3575 1122 3640 καῇῆκον
1147 3590 1225 3634 neque

195 3652 224 3708 τὸ
244 3654 320 3720 μέσον
339 3656 454 3722 suffixos
473 3675 570 3720 semper
588 3657 652 3711 κατὰ
671 3660 816 3724 περίστασιν
835 3661 958 3724 καθῆκον,
980 3663 1026 3709 hoc
1044 3663 1104 3709 nihil
1122 3663 1153 3708 ud
1171 3677 1223 3708 nos.

265 3746 291 3801 3)
309 3744 370 3790 Inde
391 3745 406 3805 ξ
425 3748 473 3793 126
500 3746 574 3793 etiam
594 3746 743 3793 vccabulum
769 3747 973 3806 ,‚form0siutis“‚
999 3748 1067 3795 ouius
1090 3749 1145 3794 loeo
1169 3751 1226 3807 post

196 3830 389 3890 ,‚pulehr·itudo“
408 3831 557 3892 nominatur,
576 3832 695 3890 originem
717 3832 816 3879 duxisse
831 3833 929 3879 videtur
947 3848 992 3881 nee
1010 3847 1058 3879 non
1078 3833 1225 3880 adieetivum

194 3915 357 3976 ‚‚deformis“.

265 4002 292 4068 4)
310 4003 392 4052 Etiam
410 4005 425 4066 ξ
445 4006 477 4052 98
502 4005 561 4052 dicit
585 4005 614 4052 dc
634 4005 731 4064 decoro,
758 4006 841 4065 „quod
864 4011 988 4066 spectatur
1012 4007 1038 4053 in
1062 4018 1122 4052 uno
1147 4020 1225 4069 quc·

196 4102 256 4152 que
274 4103 364 4150 genere
381 4091 506 4140 virtutis“.
