3082 4712
678 330 869 397 ..3-

260 525 373 566 summa
402 507 530 566 florebat
559 505 762 567 familiaritate
787 505 936 584 Scipionis
968 508 1092 586 eiusque
1123 506 1291 581 amicorum,

259 615 290 670 et
311 609 489 686 conscripsit
509 609 541 668 in
564 630 648 668 usum
673 610 875 668 Romanorum
898 610 1070 690 etquidem
1093 611 1225 686 ipsorum
1248 612 1290 670 fa-

259 712 417 770 miliarium
440 705 610 786 suorum¹).
655 711 735 775 Quin
766 712 854 772 etiam
877 712 908 770 in
930 713 992 771 illis
1014 713 1101 772 libris
1131 713 1230 792 aliqua
1252 733 1291 772 cx

257 823 341 890 parte
363 815 394 872 id
417 816 486 888 egit,
511 821 544 874 ut
566 833 609 884 ea,
633 833 709 895 quae
731 814 889 874 Africanus
912 815 947 873 de
970 816 1012 873 rei
1036 815 1173 891 publicae
1195 834 1291 874 roma·

258 936 313 975 nae
339 923 419 976 statu
450 916 607 994 sentiebat,
637 916 722 996 quasi
751 916 960 992 philosophiae
990 917 1156 976 rationibus
1184 917 1291 976 confir·

258 1025 360 1092 maret,
391 1020 577 1080 adversarios
607 1025 704 1078 autem
728 1018 863 1078 Africani
893 1019 1091 1094 impugnaret.
1141 1021 1216 1078 Nam
1240 1021 1290 1079 off.

257 1123 289 1180 Il
322 1127 362 1180 60
394 1122 496 1181 Cicero
528 1127 655 1181 testatur
680 1121 854 1181 Panaetium
884 1123 1010 1195 theatra,
1040 1123 1182 1203 porticus,
1212 1141 1291 1184 nova

258 1225 369 1300 templa
391 1245 452 1283 non
475 1226 624 1300 probasse.
670 1223 736 1282 Hoc
758 1229 857 1284 autem
887 1223 998 1301 placito
1020 1224 1071 1283 ille
1094 1225 1290 1300 philosophus

260 1329 294 1386 L.
320 1328 490 1385 Mummium
513 1331 544 1386 et
566 1325 601 1388 Q.
626 1325 780 1385 Metellum
806 1327 1028 1385 Macedonicum
1052 1329 1179 1406 quodam
1201 1328 1288 1386 modo

259 1430 458 1505 reprehendit,
489 1449 614 1509 quorum
637 1434 764 1509 uterque
786 1430 875 1504 paulo
897 1434 967 1488 ante
989 1448 1014 1491 a.
1037 1449 1066 1488 ιι.
1089 1449 1114 1489 c.
1137 1433 1208 1503 614,
1234 1431 1288 1488 sub

259 1552 344 1610 quem
361 1531 428 1590 libri
448 1529 515 1609 arpi
532 1532 585 1587 roci
601 1524 793 1606 καθήκοντος
815 1532 973 1607 conscripti
998 1537 1075 1605 sunt,
1099 1532 1188 1590 huius
1209 1532 1288 1590 modi

257 1652 347 1710 opera
369 1634 550 1694 condiderat.
594 1633 679 1693 Prior
700 1635 779 1693 enim
804 1634 916 1693 Achaia
939 1635 1055 1694 deviato
1077 1653 1141 1693 cum
1165 1633 1290 1693 Herculi

257 1737 370 1796 Victori
391 1736 536 1812 templum
560 1737 707 1796 dedicavit
737 1745 800 1797 tum
832 1737 979 1796 theatrum
1001 1736 1178 1810 aedificavit,
1208 1737 1288 1816 quod

257 1839 351 1898 multo
384 1822 497 1897 maiora
526 1841 678 1897 commoda
709 1840 911 1915 spectantibus
941 1840 1099 1914 praeberet
1128 1857 1215 1917 quam
1245 1829 1287 1911 ea,

260 1960 335 2021 quae
368 1941 450 2018 prius
484 1942 643 2020 quotannis
675 1948 826 2001 exstructa
858 1947 943 2000 erant
954 1941 999 2018 2);
1032 1942 1179 2017 posterior
1208 1959 1288 2013 vero,

259 2051 414 2123 postquam
439 2045 474 2103 de
499 2045 643 2103 Andrisco
666 2044 877 2120 triumphavit,
908 2042 1172 2120 praeclarissimam
1195 2043 1287 2119 porti-

259 2165 325 2205 cum
359 2153 391 2205 et
420 2147 563 2222 templum
594 2147 679 2206 Jovis
707 2147 833 2207 Statoris
851 2146 1038 2221 ¹condiditi).
1090 2147 1154 2205 Nec
1182 2147 1290 2223 minus,

259 2251 337 2329 quod
353 2251 372 2312 l.
389 2269 414 2310 c.
431 2237 517 2323 mirri,
540 2249 666 2322 navalia,
689 2255 802 2325 portus,
823 2269 966 2330 aquarum
991 2251 1095 2309 ductus
1116 2251 1289 2325 probantur,

258 2353 427 2425 Panaetius,
457 2353 539 2412 cuius
568 2354 642 2411 haec
664 2371 783 2433 qnoque
813 2353 963 2412 sententia
993 2358 1047 2425 est,
1077 2372 1125 2410 res
1153 2370 1290 2410 romanas

259 2453 338 2512 illius
360 2456 466 2514 aetatis
488 2455 617 2531 respicit.
664 2457 701 2513 A.
723 2476 752 2514 u.
776 2475 800 2515 c.
824 2459 886 2514 610
911 2455 988 2514 enim
1011 2473 1070 2512 non
1095 2453 1190 2511 solum
1212 2473 1289 2534 aqua

261 2557 357 2633 Appia
380 2565 410 2618 et
433 2558 557 2617 Anienis
579 2559 707 2619 refectae
730 2564 808 2630 sunt,
839 2559 888 2617 sed
912 2558 1001 2617 etiam
1024 2555 1205 2633 „clarissima
1227 2575 1288 2614 om·

259 2659 340 2718 nium
363 2665 535 2740 aquarum“,
565 2661 693 2734 Marcia,
723 2665 874 2720 exstructa
895 2658 992 2735 ssa).
1038 2659 1114 2716 Muri
1138 2662 1235 2717 antem
1258 2663 1289 2718 et

258 2764 375 2824 navalis
397 2771 427 2822 et
449 2771 552 2840 portus
575 2784 634 2842 quo
659 2770 795 2840 spectent
812 2769 940 2839 apparet
968 2783 1007 2820 ex
1036 2761 1136 2839 aliquo
1158 2759 1287 2819 liberali-

256 2867 326 2925 tatis
349 2867 495 2943 exemplo,
518 2868 597 2946 quod
618 2865 637 2924 l.
654 2886 679 2926 c.
696 2864 712 2944 §
729 2871 768 2925 56
792 2867 887 2937 datur,
910 2871 1031 2940 „captos
1050 2882 1067 2921 a
1089 2864 1287 2939 praedonibus

257 2970 436 3030 redimere“.
488 2967 588 3046 Scipio
621 2988 679 3027 una
711 2989 776 3028 cum
806 2968 949 3027 Panaetio
981 2967 1036 3024 sub
1067 2984 1093 3026 a.
1116 2986 1144 3024 n.
1168 2985 1193 3025 c.
1225 2971 1282 3024 611

328 3212 354 3271 1)
372 3223 423 3256 van
441 3209 546 3270 Lyndcn
566 3208 582 3257 l.
597 3221 617 3256 c.
636 3223 661 3269 p.
680 3211 722 3257 41.
742 3209 783 3255 82.
802 3207 876 3255 ctiam
896 3209 925 3254 11
945 3219 1000 3265 sqq.

258 3291 261 3295 ’
325 3311 351 3374 ι)
367 3313 504 3359 Mommsen
523 3327 543 3358 r.
562 3309 592 3357 a.
613 3310 638 3356 11
656 3313 688 3359 ra
708 3323 745 3370 sq.
763 3312 813 3358 cra
832 3323 867 3368 sq.
909 3309 985 3354 accit.
1005 3320 1062 3353 ann.
1080 3305 1140 3352 ιιι
1159 3308 1200 3354 21.
1243 3305 1285 3353 vs.

258 3401 321 3444 truv.
334 3397 356 3444 V
369 3400 392 3456 5,
406 3401 430 3446 8.
449 3421 482 3434 -
502 3395 616 3444 (laterum
635 3396 682 3444 hoc
699 3409 796 3455 quoque
815 3394 949 3441 notandum
967 3397 1005 3440 est
1022 3405 1045 3438 a.
1059 3407 1084 3439 u.
1097 3407 1118 3440 o.
1136 3394 1194 3451 599,
1213 3404 1285 3452 „cum

259 3483 366 3530 locatum
384 3499 399 3530 a
417 3483 561 3532 censoribus
576 3483 698 3529 theatrum
716 3485 889 3535 exstrueretur,
907 3478 934 3525 P.
948 3475 1064 3523 Cornelio
1076 3477 1167 3524 Nasica
1184 3477 1285 3534 (genero

255 3568 366 3616 Africani
384 3567 495 3633 maioris)
519 3573 619 3616 auctora
638 3574 763 3627 tamquam
783 3564 870 3612 inutile
887 3569 912 3610 et
930 3563 1068 3609 nociturum
1085 3561 1193 3622 publicis
1212 3559 1284 3606 mori·

255 3654 302 3702 bue
321 3669 351 3702 ex
369 3669 389 3702 a.
408 3670 429 3702 c.
448 3655 599 3704 destructum
617 3655 697 3701 essc“.
733 3650 798 3717 (biv.
816 3649 925 3710 parioch.
937 3649 979 3696 46.
998 3646 1082 3695 Valsr.
1100 3645 1166 3694 Max.
1179 3645 1205 3692 11
1221 3646 1246 3703 4,
1260 3646 1284 3693 2.

255 3738 343 3787 Vellei.
360 3741 372 3787 1
393 3738 444 3802 16).

324 3827 350 3883 6)
369 3826 458 3874 Vellei.
476 3827 489 3872 1
508 3829 547 3884 11,
566 3829 590 3874 3.
625 3825 762 3871 Mommsen
780 3822 806 3868 11
823 3821 874 3869 460
891 3833 929 3879 sq.

322 3911 350 3971 4)
368 3910 457 3960 Strabo
480 3911 517 3959 XI
534 3926 560 3972 p.
579 3912 637 3959 626.
679 3909 744 3956 Plin.
769 3923 794 3954 n.
813 3907 839 3957 h.
857 3905 945 3952 XXXI
963 3907 989 3964 8,
1012 3907 1053 3952 24.
1098 3903 1235 3950 Mommsen
1258 3901 1285 3948 11

253 4011 277 4060 p.
300 3997 360 4049 620.

1080 4091 1111 4141 10
