3082 4712
496 1197 752 1273 SENTENTIAE
782 1197 1107 1275 CONTROVERSAE.

323 1466 347 1520 l.
372 1461 475 1538 Polyb.
500 1458 673 1535 fragm.'VI
692 1449 758 1537 ὀαρ.
786 1467 798 1519 l
825 1460 841 1540 ἓ
868 1466 903 1521 ll
929 1463 1059 1522 Hultseh
1089 1465 1126 1521 ed
1155 1463 1314 1522 historiam

367 1565 481 1622 Numae
512 1565 591 1637 regis
619 1564 733 1624 romani
765 1566 904 1642 pertinet.
948 1566 1007 1625 cfr.
1032 1566 1090 1626 cie.
1120 1567 1155 1625 de
1183 1587 1246 1644 rep.
1277 1568 1313 1625 II

367 1664 383 1744 ᾖ
409 1670 458 1724 28.

314 1775 342 1826 2.
366 1768 425 1828 Cio.
450 1768 531 1826 offil
555 1767 570 1846 5
590 1774 628 1826 92
653 1789 700 1829 ex.
724 1772 816 1829 verba
839 1778 979 1848 corrupte
1001 1772 1172 1847 „hominum
1196 1771 1308 1830 smiee“

366 1875 436 1929 nate
460 1892 522 1930 esse
545 1873 687 1931 videntur
709 1892 746 1930 ex
768 1873 815 1930 his
837 1875 900 1930 fere
923 1875 1039 1932 verbis:
1066 1875 1117 1946 ,‚h.
1140 1893 1164 1932 e.
1187 1873 1313 1955 minime

367 1973 530 2046 fallacem“,
555 1975 661 2052 quibus
682 1974 868 2047 vocabulum,
892 1976 970 2054 quod
994 1980 1039 2034 est
1061 1978 1178 2049 „vere“‚
1202 1975 1313 2054 uliquis

344 2131 346 2136 .
365 2075 577 2136 illustraverat.

258 2228 264 2237 .
313 2183 341 2235 3.
365 2178 443 2238 Ibid.
459 2179 492 2236 ΙΙ
516 2177 531 2254 ξ
554 2183 565 2235 l
592 2180 691 2250 verba,
716 2197 791 2258 quae
814 2184 883 2238 sunt
905 2181 954 2252 ‚,in
979 2198 1036 2259 quo
1060 2187 1123 2239 tum
1147 2181 1248 2260 quaeri
1268 2215 1311 2223 —-

240 2269 241 2272 ¹
366 2280 494 2340 maxime
516 2280 619 2358 utile“,
642 2301 700 2339 non
724 2287 805 2341 recte
828 2283 929 2358 spuria
952 2303 1015 2341 esse
1037 2289 1189 2359 putentur.

312 2389 340 2441 4.
365 2383 490 2443 Henriei
515 2384 550 2442 de
575 2384 739 2456 Morungen
770 2385 894 2458 strophe
918 2385 984 2444 ΜΡ.
1011 2385 1079 2457 137,
1097 2391 1135 2442 34
1160 2404 1224 2465 sqq.
1250 2407 1313 2445 non

366 2486 496 2544 eiusdem
513 2487 653 2545 carminis
670 2493 715 2545 est
737 2491 826 2566 etque
850 2492 965 2545 ceterae
989 2493 1058 2560 tres,
1082 2507 1208 2567 quarum
1229 2489 1313 2546 idem

365 2594 410 2647 est
431 2593 567 2647 metrum.

317 2697 342 2748 5.
367 2691 508 2748 Eiusdem
525 2694 631 2767 poetae
646 2690 676 2748 in
694 2709 781 2749 versu
800 2691 867 2748 MF.
887 2695 956 2768 126,
977 2697 1013 2751 18
1031 2695 1203 2769 proverbe,
1228 2697 1312 2772 quod

365 2800 410 2851 est
431 2796 634 2866 „gevengen“,
660 2812 725 2851 eum
749 2793 813 2852 eod.
838 2799 863 2850 A
888 2794 985 2852 seribo
1008 2795 1199 2869 „gererent

438 3933 888 3974 l'rommsnnscheBuehdruckereifflennsun
896 3933 1058 3970 Pohlellnlene.
1075 3953 1095 3959 -
1113 3933 1150 3972 524
