3082 4712
424 494 485 555 off.
506 494 524 552 1
546 512 570 552 ο.
595 496 622 550 4.
880 491 947 550 uin.
970 490 1004 548 11
1025 491 1057 564 gg
1080 485 1217 547 45-47.

477 631 553 691 quae
577 631 647 670 cura
669 631 774 671 exsus·
802 611 997 690 relinquatur.

273 717 345 776 citat
359 716 447 775 etiam
464 715 577 773 animos
597 720 628 774 et
649 715 776 773 maiores

274 820 310 878 ad
332 838 394 877 rem
419 818 576 894 gerendam
599 816 680 875 lacit.

338 1110 428 1183 §lia
472 1106 509 1164 In
535 1103 699 1186 primisque
722 1107 775 1164 ho·
866 1110 954 1181 §ds
993 1105 1032 1164 Et
1047 1103 1187 1183 quoniam
1202 1103 1302 1161 eadem

274 1211 363 1270 minis
386 1215 432 1269 est
454 1209 575 1287 propria
590 1208 653 1268 veri
676 1207 775 1287 inqui·
802 1214 908 1269 natura
941 1207 1132 1283 cupiditatem
1166 1205 1305 1279 ingenuit

274 1313 343 1374 sitio
367 1318 456 1391 atque
471 1311 672 1386 investigatio.
716 1312 776 1370 Ita·
803 1310 915 1370 homini
951 1309 1015 1370 veri
1052 1307 1188 1376 videndi,
1225 1307 1303 1386 quod

275 1435 333 1495 qua
367 1434 433 1473 cum
470 1433 570 1472 sumus
603 1412 778 1472 necessariis
802 1412 942 1472 facillime
969 1415 1101 1487 apparet,
1130 1428 1195 1468 cum
1218 1409 1304 1468 vacui

274 1516 403 1593 negotiis
429 1516 566 1594 curisque
588 1514 690 1588 vacui,
713 1519 775 1574 tum
803 1513 882 1574 curm

275 1639 396 1678 avemus
412 1617 523 1697 aliquid
538 1616 650 1690 videre,
665 1617 775 1689 audire,

273 1721 424 1780 addiscere
446 1718 706 1799 cognitionemque
730 1738 776 1778 re·
804 1719 901 1792 etiam,
918 1718 989 1798 quid
1006 1717 1036 1775 in
1054 1715 1134 1775 caelo
1151 1716 1211 1787 fiat,
1229 1715 1304 1774 scire

274 1842 339 1882 rum
363 1828 415 1882 aut
445 1821 625 1881 occultarum
653 1827 705 1881 aut
727 1821 776 1880 ad·
803 1841 933 1893 aremus,

275 1924 453 1984 mirabilium
485 1925 520 1982 ad
554 1925 640 1984 beate
673 1925 777 1986 viven-

275 2028 343 2085 dum
394 2026 589 2086 neeessariam
634 2025 776 2085 ducimus.

277 2130 325 2186 Ex
361 2147 421 2206 quo
457 2127 658 2202 intellegitur,
698 2127 776 2207 quod
803 2129 850 2188 his
900 2127 995 2187 initiis
1042 2126 1155 2185 inducti
1207 2125 1306 2183 omnia

276 2249 389 2302 verum,
420 2229 549 2306 simplex
571 2231 778 2308 sincerumque
804 2250 876 2292 vera
905 2229 1064 2304 diligimus,
1097 2229 1128 2286 id
1160 2235 1206 2286 est
1236 2227 1307 2286 fide·

278 2332 325 2408 sit,
354 2331 384 2390 id
408 2351 472 2390 essa
498 2336 621 2391 naturae
650 2331 779 2391 hominis
805 2333 859 2406 lia,
915 2331 1074 2410 simplicia,
1132 2331 1306 2403 constantia,

277 2432 472 2510 aptissimum.
805 2440 868 2496 tum
884 2453 970 2507 vana,
986 2433 1070 2508 falsa,
1091 2432 1226 2492 fallentia
1244 2433 1307 2492 odi-

806 2558 880 2611 mus,
906 2543 940 2597 ut
961 2536 1105 2610 fraudem,
1134 2534 1307 2612 periurium,

342 2637 422 2697 Huic
450 2638 514 2697 veri
545 2638 664 2697 videndi
698 2637 779 2713 cupi·
807 2640 962 2711 malitiam,
995 2638 1142 2698 iniuriam.
1197 2638 1307 2696 Eadem

280 2740 365 2799 ditati
394 2738 534 2798 adiuncta
562 2744 608 2798 est
636 2738 780 2814 appetitio
807 2741 883 2800 ratio
917 2742 1007 2801 habet
1038 2741 1070 2798 in
1104 2761 1135 2800 sa
1168 2741 1307 2820 quiddam

281 2841 423 2922 quaedam
446 2840 644 2917 principatus,
674 2846 708 2900 ut
730 2858 781 2898 ne·
808 2844 938 2921 amplum
977 2849 1066 2924 atque
1109 2842 1306 2918 magnificum,

280 2944 353 3003 mini
377 2961 480 3019 parere
500 2943 615 3001 animus
637 2944 714 3002 bane
736 2943 781 3000 in·
808 2947 843 3006 ad
871 2945 1077 3023 imperandum
1104 2945 1197 3020 magis
1219 2964 1307 3023 quam

280 3047 424 3105 formatus
450 3063 468 3102 a
493 3050 600 3104 natura
621 3044 695 3105 velit
724 3045 780 3103 nisi
808 3050 844 3107 ad
866 3049 1028 3125 parendum
1048 3047 1307 3119 accommodatum,

281 3147 476 3225 praecipienti
505 3152 557 3206 aut
584 3147 701 3207 docenti
731 3152 782 3206 aut

282 3248 420 3309 utilitatis
442 3267 530 3309 eausa
557 3249 634 3308 iuste
657 3254 687 3308 et
708 3248 782 3324 legi-

282 3352 355 3412 time
377 3351 550 3427 imperanti:
579 3369 618 3408 ex
640 3371 699 3430 quo
721 3368 782 3408 ma·
1132 3355 1231 3414 omnia
1253 3356 1308 3414 hu.

283 3454 407 3530 gnitudo
420 3453 511 3511 animi
523 3453 626 3513 existit
640 3454 782 3514 humana·
808 3477 896 3517 mana
922 3478 982 3516 non
1012 3456 1180 3517 tolerabilia
1204 3458 1309 3530 solum,

282 3575 408 3636 rumque
429 3575 527 3616 rerum
551 3556 741 3633 contemptio.
809 3560 964 3620 sedetiam
982 3561 1194 3633 leviaducens,
1216 3559 1308 3619 altum

809 3662 948 3744 quiddam
979 3669 1010 3723 et
1038 3663 1200 3735 excelsum,
1233 3660 1310 3720 nihil

808 3766 926 3843 timens,
952 3766 1065 3825 nemini
1088 3766 1203 3838 cedens,
1233 3785 1308 3824 sem-

348 3867 364 3940 ξ
382 3867 430 3922 14.
464 3865 528 3923 Nec
542 3882 614 3923 vero
628 3864 681 3923 illa
693 3884 784 3941 parva
808 3888 863 3946 per
876 3868 1031 3929 invictum.
1074 3873 1175 3947 Atque
1194 3868 1242 3926 his
1256 3867 1308 3927 tri·

284 3968 330 4028 vis
362 3972 485 4026 naturae
517 3971 562 4028 est
591 3967 783 4049 rationisque,
809 3973 865 4031 bus
877 3972 1036 4047 generibus
1050 3972 1241 4031 honestorum
1255 3990 1308 4029 no·
