3082 4712
637 351 854 422 -ae-
958 316 962 326 ’

225 550 289 607 rep.
306 532 321 589 I
339 535 365 587 2.
408 528 564 589 Sententia
588 527 604 607 ὅ
631 533 690 588 154
713 529 829 606 prolata
850 529 916 606 ipsa
939 548 1057 608 quoque
1080 533 1125 588 est
1145 528 1261 589 variata

227 634 370 711 quaedam
400 634 493 692 forma
525 631 589 691 eiua
619 633 786 692 sententiae
812 634 975 709 Archytae,
1007 651 1083 710 quae
1114 631 1194 692 Lael.
1220 638 1258 691 88

226 740 479 796 commemoratur.
530 735 622 795 Porro
645 754 713 794 oum
735 733 770 813 ἓξ
796 740 866 795 155.
894 740 951 793 156
984 735 1036 793 ofr.
1059 735 1111 794 fin.
1133 735 1185 794 III
1208 740 1257 806 65,

226 857 292 896 eum
324 836 340 915 ξ
370 842 427 896 156
459 837 548 897 etiam
577 858 641 915 rep.
663 839 681 897 1
707 843 753 896 12.
807 838 910 914 Lysim
940 836 1117 911 magistrum
1137 836 1260 915 Epami-

225 940 342 999 nondae
365 945 396 998 et
409 939 564 998 Platonem
581 939 755 1014 magistrum
770 939 877 1000 Dionia
896 939 1031 999 nominet
1046 938 1147 998 Oioero
1170 939 1259 998 etiam

226 1043 263 1100 de
286 1047 359 1100 orat.
385 1043 434 1100 III
460 1047 529 1101 139.
580 1042 652 1100 (lum
683 1039 699 1119 ὅ
727 1041 785 1100 157
808 1042 861 1102 olr.
888 1046 947 1101 158
969 1035 997 1101 Ι5.
1021 1060 1069 1101 ex.
1120 1040 1259 1120 Denique

228 1143 245 1222 ᾗ
272 1147 330 1202 158
355 1146 539 1203 demonstrat
561 1143 688 1220 scriptor
719 1139 889 1204 aoeietatem
920 1144 1056 1203 homines
1078 1136 1260 1204 nouſsimbe·

228 1247 355 1306 oillitate
378 1253 494 1306 ooaotos
515 1245 636 1321 iniisse;
660 1246 771 1305 similae
793 1245 873 1306 locos
895 1247 1003 1305 afferre
1025 1265 1084 1305 non
1107 1265 1183 1323 opus
1205 1251 1258 1305 est.

356 1416 415 1477 ΙΙΙ.
448 1416 500 1474 Do
522 1414 623 1474 libri
646 1417 689 1476 de
713 1415 867 1476 officiis
890 1416 922 1473 II
947 1413 982 1493 §5
1006 1419 1056 1476 88.
1081 1420 1129 1474 89.

317 1534 332 1613 5
359 1541 397 1595 89
422 1535 533 1596 dietum
556 1536 677 1614 aliquod
700 1535 820 1595 (latonia
842 1535 1040 1613 praedicatur.
1085 1532 1102 1612 ς
1123 1540 1162 1594 88
1186 1534 1258 1595 Hir-

227 1639 320 1697 zelius
344 1639 380 1698 ad
403 1640 530 1698 eundem
553 1638 744 1716 Antipatrum
767 1637 892 1717 Tyrium
914 1656 1053 1696 revocare
1076 1637 1150 1710 vult,
1175 1637 1258 1696 ouius

227 1741 407 1800 sententiam
430 1741 559 1818 aliquam
583 1740 684 1800 Oioero
716 1741 748 1799 in
770 1741 1014 1799 antecedentibus
1039 1738 1075 1818 §5
1101 1745 1139 1799 86
1164 1745 1194 1800 et
1218 1740 1255 1799 87
1280 1728 1282 1736 ’

227 1843 360 1919 respicit
404 1843 460 1900 Sed
483 1844 541 1902 hoo
562 1859 618 1902 neo
640 1844 835 1904 demonstrari
865 1848 965 1921 potest
994 1863 1048 1903 neo
1070 1863 1125 1921 per
1153 1862 1184 1902 55
1214 1846 1259 1902 eat

227 1944 422 2004 verisimile.
