<?xml version="1.0" encoding="UTF-8"?>
<!DOCTYPE html PUBLIC "-//W3C//DTD XHTML 1.0 Transitional//EN"
    "http://www.w3.org/TR/xhtml1/DTD/xhtml1-transitional.dtd">
<html xmlns="http://www.w3.org/1999/xhtml" xml:lang="en" lang="en">
 <head>
  <title>
</title>
<meta http-equiv="Content-Type" content="text/html;charset=utf-8" />
  <meta name='ocr-system' content='tesseract 3.04.00' />
  <meta name='ocr-capabilities' content='ocr_page ocr_carea ocr_par ocr_line ocrx_word'/>
</head>
<body>
  <div class='ocr_page' id='page_1' title='image "./deciceronislibr00klohgoog_0018.png"; bbox 0 0 3082 4712; ppageno 0'>
   <div class='ocr_carea' id='block_1_1' title="bbox 406 349 1204 600">
    <p class='ocr_par' dir='ltr' id='par_1_1' title="bbox 406 349 1204 600">
     <span class='ocr_line' id='line_1_1' title="bbox 674 349 865 416; baseline 0 -18"><span class='ocrx_word' id='word_1_1' title='bbox 674 388 716 398; x_wconf 85' lang='lat'>..</span> <span class='ocrx_word' id='word_1_2' title='bbox 760 349 780 416; x_wconf 89' lang='lat'>9</span> <span class='ocrx_word' id='word_1_3' title='bbox 823 388 865 398; x_wconf 84' lang='grc'>-</span> 
     </span>
     <span class='ocr_line' id='line_1_2' title="bbox 406 523 1204 600; baseline -0.005 -14"><span class='ocrx_word' id='word_1_4' title='bbox 406 527 463 586; x_wconf 87' lang='lat' dir='ltr'>0ff.</span> <span class='ocrx_word' id='word_1_5' title='bbox 486 528 502 584; x_wconf 92' lang='lat'>1</span> <span class='ocrx_word' id='word_1_6' title='bbox 525 546 549 585; x_wconf 66' lang='grc' dir='ltr'>ο.</span> <span class='ocrx_word' id='word_1_7' title='bbox 574 529 602 588; x_wconf 81' lang='lat'>4.</span> <span class='ocrx_word' id='word_1_8' title='bbox 869 525 934 584; x_wconf 78' lang='lat' dir='ltr'>rin.</span> <span class='ocrx_word' id='word_1_9' title='bbox 957 525 992 583; x_wconf 90' lang='lat'>11</span> <span class='ocrx_word' id='word_1_10' title='bbox 1013 527 1045 600; x_wconf 69' lang='lat' dir='ltr'>§a</span> <span class='ocrx_word' id='word_1_11' title='bbox 1068 523 1204 585; x_wconf 77' lang='lat'><strong>45—47.</strong></span> 
     </span>
    </p>
   </div>
   <div class='ocr_carea' id='block_1_2' title="bbox 252 644 1285 1441">
    <p class='ocr_par' dir='ltr' id='par_1_2' title="bbox 253 644 1285 824">
     <span class='ocr_line' id='line_1_3' title="bbox 253 644 1170 729; baseline -0.005 -21"><span class='ocrx_word' id='word_1_12' title='bbox 253 648 332 729; x_wconf 91' lang='lat' dir='ltr'>quod</span> <span class='ocrx_word' id='word_1_13' title='bbox 347 667 438 706; x_wconf 90' lang='lat' dir='ltr'>unum</span> <span class='ocrx_word' id='word_1_14' title='bbox 454 648 511 706; x_wconf 89' lang='lat' dir='ltr'>hoo</span> <span class='ocrx_word' id='word_1_15' title='bbox 529 644 639 705; x_wconf 88' lang='lat' dir='ltr'>animal</span> <span class='ocrx_word' id='word_1_16' title='bbox 654 646 753 719; x_wconf 79' lang='lat' dir='ltr'><strong>sentit,</strong></span> <span class='ocrx_word' id='word_1_17' title='bbox 780 646 851 707; x_wconf 87' lang='lat' dir='ltr'>tatis</span> <span class='ocrx_word' id='word_1_18' title='bbox 873 650 1010 725; x_wconf 88' lang='lat' dir='ltr'>quartum</span> <span class='ocrx_word' id='word_1_19' title='bbox 1035 644 1170 724; x_wconf 88' lang='lat' dir='ltr'>sequitur</span> 
     </span>
     <span class='ocr_line' id='line_1_4' title="bbox 782 745 1285 824; baseline -0.014 -16"><span class='ocrx_word' id='word_1_20' title='bbox 782 755 812 809; x_wconf 93' lang='lat' dir='ltr'>et</span> <span class='ocrx_word' id='word_1_21' title='bbox 847 749 879 806; x_wconf 91' lang='lat' dir='ltr'>in</span> <span class='ocrx_word' id='word_1_22' title='bbox 916 749 1017 806; x_wconf 90' lang='lat' dir='ltr'>eadem</span> <span class='ocrx_word' id='word_1_23' title='bbox 1062 745 1285 824; x_wconf 75' lang='lat' dir='ltr'>pulchritudine</span> 
     </span>
    </p>

    <p class='ocr_par' dir='ltr' id='par_1_3' title="bbox 252 848 1285 1441">
     <span class='ocr_line' id='line_1_5' title="bbox 453 848 1284 940; baseline -0.012 -25"><span class='ocrx_word' id='word_1_24' title='bbox 453 925 461 940; x_wconf 32' lang='grc' dir='ltr'>ἱ</span> <span class='ocrx_word' id='word_1_25' title='bbox 782 857 812 912; x_wconf 90' lang='lat' dir='ltr'>et</span> <span class='ocrx_word' id='word_1_26' title='bbox 833 855 933 929; x_wconf 89' lang='lat' dir='ltr'>aptum</span> <span class='ocrx_word' id='word_1_27' title='bbox 957 869 996 908; x_wconf 89' lang='lat' dir='ltr'>ex</span> <span class='ocrx_word' id='word_1_28' title='bbox 1021 849 1081 908; x_wconf 87' lang='lat' dir='ltr'>illis</span> <span class='ocrx_word' id='word_1_29' title='bbox 1111 850 1221 921; x_wconf 88' lang='lat' dir='ltr'>tribus,</span> <span class='ocrx_word' id='word_1_30' title='bbox 1252 848 1284 905; x_wconf 93' lang='lat' dir='ltr'>in</span> 
     </span>
     <span class='ocr_line' id='line_1_6' title="bbox 252 953 1035 1037; baseline -0.005 -21"><span class='ocrx_word' id='word_1_31' title='bbox 252 957 322 1037; x_wconf 91' lang='lat' dir='ltr'>quid</span> <span class='ocrx_word' id='word_1_32' title='bbox 347 955 387 1016; x_wconf 87' lang='lat' dir='ltr'>sit</span> <span class='ocrx_word' id='word_1_33' title='bbox 405 957 485 1028; x_wconf 92' lang='lat' dir='ltr'>ordo,</span> <span class='ocrx_word' id='word_1_34' title='bbox 510 954 582 1033; x_wconf 92' lang='lat' dir='ltr'>quid</span> <span class='ocrx_word' id='word_1_35' title='bbox 605 953 653 1027; x_wconf 89' lang='lat' dir='ltr'>sit,</span> <span class='ocrx_word' id='word_1_36' title='bbox 676 955 755 1033; x_wconf 93' lang='lat' dir='ltr'>quod</span> <span class='ocrx_word' id='word_1_37' title='bbox 782 973 841 1034; x_wconf 91' lang='lat' dir='ltr'>quo</span> <span class='ocrx_word' id='word_1_38' title='bbox 863 954 942 1012; x_wconf 92' lang='lat' dir='ltr'>inest</span> <span class='ocrx_word' id='word_1_39' title='bbox 964 954 1035 1012; x_wconf 89' lang='lat' dir='ltr'>ordo</span> 
     </span>
     <span class='ocr_line' id='line_1_7' title="bbox 252 1056 1285 1136; baseline -0.007 -18"><span class='ocrx_word' id='word_1_40' title='bbox 252 1062 354 1119; x_wconf 82' lang='lat' dir='ltr'>deceat</span> <span class='ocrx_word' id='word_1_41' title='bbox 368 1059 401 1116; x_wconf 91' lang='lat' dir='ltr'>in</span> <span class='ocrx_word' id='word_1_42' title='bbox 411 1058 499 1118; x_wconf 80' lang='lat' dir='ltr'>saetis</span> <span class='ocrx_word' id='word_1_43' title='bbox 511 1056 667 1136; x_wconf 70' lang='lat' dir='ltr'>dictisque,</span> <span class='ocrx_word' id='word_1_44' title='bbox 683 1056 755 1135; x_wconf 88' lang='lat' dir='ltr'>quid</span> <span class='ocrx_word' id='word_1_45' title='bbox 1254 1057 1285 1111; x_wconf 90' lang='lat' dir='ltr'>et</span> 
     </span>
     <span class='ocr_line' id='line_1_8' title="bbox 252 1158 955 1239; baseline -0.003 -19"><span class='ocrx_word' id='word_1_46' title='bbox 252 1163 365 1221; x_wconf 89' lang='lat' dir='ltr'>modus.</span> <span class='ocrx_word' id='word_1_47' title='bbox 410 1162 518 1239; x_wconf 86' lang='lat' dir='ltr'>Itaque</span> <span class='ocrx_word' id='word_1_48' title='bbox 545 1178 647 1218; x_wconf 91' lang='lat' dir='ltr'>eorum</span> <span class='ocrx_word' id='word_1_49' title='bbox 675 1158 756 1235; x_wconf 89' lang='lat' dir='ltr'>ipso·</span> <span class='ocrx_word' id='word_1_50' title='bbox 782 1160 955 1219; x_wconf 81' lang='lat' dir='ltr'>moderatio.</span> 
     </span>
     <span class='ocr_line' id='line_1_9' title="bbox 253 1262 755 1342; baseline -0.01 -19"><span class='ocrx_word' id='word_1_51' title='bbox 253 1284 327 1337; x_wconf 91' lang='lat' dir='ltr'>rum,</span> <span class='ocrx_word' id='word_1_52' title='bbox 349 1282 425 1342; x_wconf 91' lang='lat' dir='ltr'>quae</span> <span class='ocrx_word' id='word_1_53' title='bbox 441 1267 562 1338; x_wconf 87' lang='lat' dir='ltr'>aspeetu</span> <span class='ocrx_word' id='word_1_54' title='bbox 578 1262 755 1330; x_wconf 88' lang='lat' dir='ltr'>sentiuntur,</span> 
     </span>
     <span class='ocr_line' id='line_1_10' title="bbox 255 1364 757 1441; baseline -0.006 -18"><span class='ocrx_word' id='word_1_55' title='bbox 255 1365 367 1424; x_wconf 92' lang='lat' dir='ltr'>nullum</span> <span class='ocrx_word' id='word_1_56' title='bbox 391 1364 470 1424; x_wconf 91' lang='lat' dir='ltr'>aliud</span> <span class='ocrx_word' id='word_1_57' title='bbox 494 1364 604 1423; x_wconf 88' lang='lat' dir='ltr'>animal</span> <span class='ocrx_word' id='word_1_58' title='bbox 626 1364 757 1441; x_wconf 80' lang='lat' dir='ltr'>pulchri-</span> 
     </span>
    </p>
   </div>
   <div class='ocr_carea' id='block_1_3' title="bbox 154 1469 756 1542">
    <p class='ocr_par' dir='ltr' id='par_1_4' title="bbox 154 1469 756 1542">
     <span class='ocr_line' id='line_1_11' title="bbox 154 1469 756 1542; baseline -0.01 -13"><span class='ocrx_word' id='word_1_59' title='bbox 154 1499 156 1502; x_wconf 95' lang='lat'>·</span> <span class='ocrx_word' id='word_1_60' title='bbox 255 1469 402 1542; x_wconf 86' lang='lat' dir='ltr'>tudinem,</span> <span class='ocrx_word' id='word_1_61' title='bbox 445 1472 646 1540; x_wconf 76' lang='lat' dir='ltr'>venustatem,</span> <span class='ocrx_word' id='word_1_62' title='bbox 688 1485 756 1524; x_wconf 89' lang='lat' dir='ltr'>oon-</span> 
     </span>
    </p>
   </div>
   <div class='ocr_carea' id='block_1_4' title="bbox 253 1569 1334 3490">
    <p class='ocr_par' dir='ltr' id='par_1_5' title="bbox 253 1569 757 1647">
     <span class='ocr_line' id='line_1_12' title="bbox 253 1569 757 1647; baseline -0.004 -17"><span class='ocrx_word' id='word_1_63' title='bbox 253 1571 433 1630; x_wconf 87' lang='lat' dir='ltr'>venientiam</span> <span class='ocrx_word' id='word_1_64' title='bbox 480 1569 610 1647; x_wconf 91' lang='lat' dir='ltr'>partium</span> <span class='ocrx_word' id='word_1_65' title='bbox 652 1569 757 1642; x_wconf 87' lang='lat' dir='ltr'>sent&#39;t;</span> 
     </span>
    </p>

    <p class='ocr_par' dir='ltr' id='par_1_6' title="bbox 253 1670 1334 3490">
     <span class='ocr_line' id='line_1_13' title="bbox 254 1670 1284 1752; baseline -0.003 -21"><span class='ocrx_word' id='word_1_66' title='bbox 254 1692 342 1752; x_wconf 89' lang='lat' dir='ltr'>quam</span> <span class='ocrx_word' id='word_1_67' title='bbox 387 1671 611 1732; x_wconf 88' lang='lat' dir='ltr'>similitudinem</span> <span class='ocrx_word' id='word_1_68' title='bbox 653 1675 759 1730; x_wconf 91' lang='lat' dir='ltr'>natura</span> <span class='ocrx_word' id='word_1_69' title='bbox 784 1674 874 1733; x_wconf 82' lang='lat' dir='ltr'>Cuius</span> <span class='ocrx_word' id='word_1_70' title='bbox 885 1673 1078 1732; x_wconf 83' lang='lat' dir='ltr'>similitudine</span> <span class='ocrx_word' id='word_1_71' title='bbox 1089 1675 1242 1749; x_wconf 85' lang='lat' dir='ltr'>perspecta</span> <span class='ocrx_word' id='word_1_72' title='bbox 1254 1670 1284 1728; x_wconf 92' lang='lat' dir='ltr'>in</span> 
     </span>
     <span class='ocr_line' id='line_1_14' title="bbox 253 1773 1286 1854; baseline -0.003 -20"><span class='ocrx_word' id='word_1_73' title='bbox 253 1776 389 1854; x_wconf 88' lang='lat' dir='ltr'>ratioque</span> <span class='ocrx_word' id='word_1_74' title='bbox 424 1777 461 1832; x_wconf 93' lang='lat' dir='ltr'>ab</span> <span class='ocrx_word' id='word_1_75' title='bbox 496 1773 589 1834; x_wconf 86' lang='lat' dir='ltr'>oeulis</span> <span class='ocrx_word' id='word_1_76' title='bbox 626 1774 662 1830; x_wconf 92' lang='lat' dir='ltr'>ad</span> <span class='ocrx_word' id='word_1_77' title='bbox 695 1775 758 1830; x_wconf 90' lang='lat' dir='ltr'>ani·</span> <span class='ocrx_word' id='word_1_78' title='bbox 783 1777 943 1834; x_wconf 87' lang='lat' dir='ltr'>formarum</span> <span class='ocrx_word' id='word_1_79' title='bbox 969 1776 1067 1851; x_wconf 89' lang='lat' dir='ltr'>speeie</span> <span class='ocrx_word' id='word_1_80' title='bbox 1090 1793 1123 1834; x_wconf 90' lang='lat' dir='ltr'>ao</span> <span class='ocrx_word' id='word_1_81' title='bbox 1142 1773 1286 1848; x_wconf 82' lang='lat' dir='ltr'>dignitate</span> 
     </span>
     <span class='ocr_line' id='line_1_15' title="bbox 254 1875 1334 1939; baseline -0.002 -4"><span class='ocrx_word' id='word_1_82' title='bbox 254 1898 333 1935; x_wconf 92' lang='lat' dir='ltr'>mum</span> <span class='ocrx_word' id='word_1_83' title='bbox 356 1877 540 1936; x_wconf 85' lang='lat' dir='ltr'>transferens</span> <span class='ocrx_word' id='word_1_84' title='bbox 554 1875 648 1934; x_wconf 91' lang='lat' dir='ltr'>multo</span> <span class='ocrx_word' id='word_1_85' title='bbox 670 1875 757 1934; x_wconf 90' lang='lat' dir='ltr'>etiam</span> <span class='ocrx_word' id='word_1_86' title='bbox 784 1878 941 1939; x_wconf 79' lang='lat' dir='ltr'>transitum</span> <span class='ocrx_word' id='word_1_87' title='bbox 972 1885 1017 1936; x_wconf 83' lang='lat' dir='ltr'>est</span> <span class='ocrx_word' id='word_1_88' title='bbox 1039 1878 1075 1934; x_wconf 92' lang='lat' dir='ltr'>ad</span> <span class='ocrx_word' id='word_1_89' title='bbox 1099 1878 1285 1935; x_wconf 83' lang='lat' dir='ltr'>honestatem</span> <span class='ocrx_word' id='word_1_90' title='bbox 1333 1905 1334 1908; x_wconf 36' lang='lat'>¹</span> 
     </span>
     <span class='ocr_line' id='line_1_16' title="bbox 254 1979 1286 2061; baseline -0.001 -25"><span class='ocrx_word' id='word_1_91' title='bbox 254 1979 346 2054; x_wconf 84' lang='lat' dir='ltr'>magis</span> <span class='ocrx_word' id='word_1_92' title='bbox 385 1979 652 2055; x_wconf 77' lang='lat' dir='ltr'>pulchritudinem,</span> <span class='ocrx_word' id='word_1_93' title='bbox 689 1998 757 2037; x_wconf 92' lang='lat' dir='ltr'>oon·</span> <span class='ocrx_word' id='word_1_94' title='bbox 785 1982 929 2041; x_wconf 85' lang='lat' dir='ltr'>dictorum</span> <span class='ocrx_word' id='word_1_95' title='bbox 938 1986 1028 2061; x_wconf 91' lang='lat' dir='ltr'>atque</span> <span class='ocrx_word' id='word_1_96' title='bbox 1036 1981 1189 2038; x_wconf 79' lang='lat' dir='ltr'>factorum.</span> <span class='ocrx_word' id='word_1_97' title='bbox 1210 1979 1286 2036; x_wconf 87' lang='lat' dir='ltr'>Nam</span> 
     </span>
     <span class='ocr_line' id='line_1_17' title="bbox 254 2080 1287 2159; baseline -0.003 -19"><span class='ocrx_word' id='word_1_98' title='bbox 254 2081 407 2154; x_wconf 87' lang='lat' dir='ltr'>stantiam,</span> <span class='ocrx_word' id='word_1_99' title='bbox 451 2081 583 2139; x_wconf 90' lang='lat' dir='ltr'>ordinem</span> <span class='ocrx_word' id='word_1_100' title='bbox 622 2080 653 2138; x_wconf 92' lang='lat' dir='ltr'>in</span> <span class='ocrx_word' id='word_1_101' title='bbox 690 2099 759 2139; x_wconf 91' lang='lat' dir='ltr'>oon·</span> <span class='ocrx_word' id='word_1_102' title='bbox 785 2104 824 2143; x_wconf 88' lang='lat' dir='ltr'>ex</span> <span class='ocrx_word' id='word_1_103' title='bbox 843 2084 891 2142; x_wconf 91' lang='lat' dir='ltr'>his</span> <span class='ocrx_word' id='word_1_104' title='bbox 912 2081 1009 2142; x_wconf 88' lang='lat' dir='ltr'>tribus</span> <span class='ocrx_word' id='word_1_105' title='bbox 1030 2081 1182 2153; x_wconf 89' lang='lat' dir='ltr'>laudibus,</span> <span class='ocrx_word' id='word_1_106' title='bbox 1214 2098 1287 2159; x_wconf 88' lang='lat' dir='ltr'>quas</span> 
     </span>
     <span class='ocr_line' id='line_1_18' title="bbox 254 2180 1286 2293; baseline -0.004 -51"><span class='ocrx_word' id='word_1_107' title='bbox 254 2182 329 2242; x_wconf 86' lang='lat' dir='ltr'>siliis</span> <span class='ocrx_word' id='word_1_108' title='bbox 350 2183 498 2262; x_wconf 84' lang='lat' dir='ltr'>factisque</span> <span class='ocrx_word' id='word_1_109' title='bbox 527 2180 854 2293; x_wconf 54' lang='lat' dir='ltr'>conservandamqante</span> <span class='ocrx_word' id='word_1_110' title='bbox 876 2185 947 2258; x_wconf 79' lang='lat' dir='ltr'>dixi,</span> <span class='ocrx_word' id='word_1_111' title='bbox 971 2190 1001 2244; x_wconf 87' lang='lat' dir='ltr'>et</span> <span class='ocrx_word' id='word_1_112' title='bbox 1023 2184 1219 2244; x_wconf 78' lang='lat' dir='ltr'>temeritatem</span> <span class='ocrx_word' id='word_1_113' title='bbox 1241 2200 1286 2240; x_wconf 89' lang='lat' dir='ltr'>re-</span> 
     </span>
     <span class='ocr_line' id='line_1_19' title="bbox 256 2283 1287 2364; baseline -0.004 -20"><span class='ocrx_word' id='word_1_114' title='bbox 256 2291 342 2362; x_wconf 89' lang='lat' dir='ltr'>putat</span> <span class='ocrx_word' id='word_1_115' title='bbox 373 2291 517 2364; x_wconf 88' lang='lat' dir='ltr'>eavetque</span> <span class='ocrx_word' id='word_1_116' title='bbox 548 2303 585 2342; x_wconf 90' lang='lat' dir='ltr'>ne</span> <span class='ocrx_word' id='word_1_117' title='bbox 613 2285 683 2364; x_wconf 93' lang='lat' dir='ltr'>quid</span> <span class='ocrx_word' id='word_1_118' title='bbox 713 2285 758 2342; x_wconf 92' lang='lat' dir='ltr'>in·</span> <span class='ocrx_word' id='word_1_119' title='bbox 786 2289 925 2348; x_wconf 86' lang='lat' dir='ltr'>formidat</span> <span class='ocrx_word' id='word_1_120' title='bbox 957 2294 988 2347; x_wconf 91' lang='lat' dir='ltr'>et</span> <span class='ocrx_word' id='word_1_121' title='bbox 1017 2307 1076 2346; x_wconf 92' lang='lat' dir='ltr'>non</span> <span class='ocrx_word' id='word_1_122' title='bbox 1108 2286 1197 2344; x_wconf 89' lang='lat' dir='ltr'>audet</span> <span class='ocrx_word' id='word_1_123' title='bbox 1227 2283 1287 2342; x_wconf 89' lang='lat' dir='ltr'>oui-</span> 
     </span>
     <span class='ocr_line' id='line_1_20' title="bbox 258 2387 1289 2472; baseline -0.003 -26"><span class='ocrx_word' id='word_1_124' title='bbox 258 2390 361 2446; x_wconf 91' lang='lat' dir='ltr'>deoore</span> <span class='ocrx_word' id='word_1_125' title='bbox 405 2387 612 2447; x_wconf 83' lang='lat' dir='ltr'>effeminateve</span> <span class='ocrx_word' id='word_1_126' title='bbox 661 2387 760 2462; x_wconf 83' lang='lat' dir='ltr'>faciat,</span> <span class='ocrx_word' id='word_1_127' title='bbox 787 2411 875 2472; x_wconf 85' lang='lat' dir='ltr'>quam</span> <span class='ocrx_word' id='word_1_128' title='bbox 897 2396 948 2450; x_wconf 80' lang='lat' dir='ltr'>aut</span> <span class='ocrx_word' id='word_1_129' title='bbox 970 2390 1048 2448; x_wconf 86' lang='lat' dir='ltr'>dioto</span> <span class='ocrx_word' id='word_1_130' title='bbox 1072 2393 1211 2465; x_wconf 81' lang='lat' dir='ltr'>protervo</span> <span class='ocrx_word' id='word_1_131' title='bbox 1238 2389 1289 2443; x_wconf 87' lang='lat' dir='ltr'>aut</span> 
     </span>
     <span class='ocr_line' id='line_1_21' title="bbox 259 2487 1288 2572; baseline -0.005 -23"><span class='ocrx_word' id='word_1_132' title='bbox 259 2495 321 2549; x_wconf 90' lang='lat' dir='ltr'>tum</span> <span class='ocrx_word' id='word_1_133' title='bbox 353 2489 384 2545; x_wconf 91' lang='lat' dir='ltr'>in</span> <span class='ocrx_word' id='word_1_134' title='bbox 415 2489 552 2547; x_wconf 90' lang='lat' dir='ltr'>omnibus</span> <span class='ocrx_word' id='word_1_135' title='bbox 582 2496 612 2550; x_wconf 90' lang='lat' dir='ltr'>et</span> <span class='ocrx_word' id='word_1_136' title='bbox 644 2490 759 2566; x_wconf 92' lang='lat' dir='ltr'>opinio·</span> <span class='ocrx_word' id='word_1_137' title='bbox 785 2496 864 2553; x_wconf 82' lang='lat' dir='ltr'>faoto</span> <span class='ocrx_word' id='word_1_138' title='bbox 886 2511 993 2572; x_wconf 80' lang='lat' dir='ltr'>nooere</span> <span class='ocrx_word' id='word_1_139' title='bbox 1011 2496 1191 2569; x_wconf 87' lang='lat' dir='ltr'>vereturque</span> <span class='ocrx_word' id='word_1_140' title='bbox 1207 2487 1288 2566; x_wconf 92' lang='lat' dir='ltr'>quio·</span> 
     </span>
     <span class='ocr_line' id='line_1_22' title="bbox 259 2588 1288 2676; baseline -0.005 -26"><span class='ocrx_word' id='word_1_141' title='bbox 259 2593 347 2651; x_wconf 88' lang='lat' dir='ltr'>nibus</span> <span class='ocrx_word' id='word_1_142' title='bbox 377 2595 408 2650; x_wconf 91' lang='lat' dir='ltr'>et</span> <span class='ocrx_word' id='word_1_143' title='bbox 436 2590 524 2650; x_wconf 79' lang='lat' dir='ltr'>factis</span> <span class='ocrx_word' id='word_1_144' title='bbox 552 2612 588 2651; x_wconf 92' lang='lat' dir='ltr'>ne</span> <span class='ocrx_word' id='word_1_145' title='bbox 616 2593 687 2673; x_wconf 90' lang='lat' dir='ltr'>quid</span> <span class='ocrx_word' id='word_1_146' title='bbox 715 2592 759 2650; x_wconf 92' lang='lat' dir='ltr'>lu·</span> <span class='ocrx_word' id='word_1_147' title='bbox 787 2616 874 2676; x_wconf 88' lang='lat' dir='ltr'>quam</span> <span class='ocrx_word' id='word_1_148' title='bbox 898 2601 949 2655; x_wconf 89' lang='lat' dir='ltr'>aut</span> <span class='ocrx_word' id='word_1_149' title='bbox 971 2595 1068 2654; x_wconf 83' lang='lat' dir='ltr'>lacere</span> <span class='ocrx_word' id='word_1_150' title='bbox 1098 2598 1150 2652; x_wconf 89' lang='lat' dir='ltr'>aut</span> <span class='ocrx_word' id='word_1_151' title='bbox 1179 2588 1288 2668; x_wconf 92' lang='lat' dir='ltr'>eloqui,</span> 
     </span>
     <span class='ocr_line' id='line_1_23' title="bbox 258 2693 1288 2778; baseline -0.005 -25"><span class='ocrx_word' id='word_1_152' title='bbox 258 2694 395 2753; x_wconf 88' lang='lat' dir='ltr'>bidinose</span> <span class='ocrx_word' id='word_1_153' title='bbox 418 2699 469 2752; x_wconf 90' lang='lat' dir='ltr'>aut</span> <span class='ocrx_word' id='word_1_154' title='bbox 490 2693 581 2753; x_wconf 86' lang='lat' dir='ltr'>faciat</span> <span class='ocrx_word' id='word_1_155' title='bbox 606 2700 657 2753; x_wconf 90' lang='lat' dir='ltr'>aut</span> <span class='ocrx_word' id='word_1_156' title='bbox 681 2695 759 2768; x_wconf 85' lang='lat' dir='ltr'>oogi·</span> <span class='ocrx_word' id='word_1_157' title='bbox 787 2701 866 2778; x_wconf 91' lang='lat' dir='ltr'>quod</span> <span class='ocrx_word' id='word_1_158' title='bbox 895 2717 999 2775; x_wconf 89' lang='lat' dir='ltr'>parum</span> <span class='ocrx_word' id='word_1_159' title='bbox 1029 2696 1116 2757; x_wconf 85' lang='lat' dir='ltr'>virile</span> <span class='ocrx_word' id='word_1_160' title='bbox 1145 2694 1288 2754; x_wconf 89' lang='lat' dir='ltr'>videatur.</span> 
     </span>
     <span class='ocr_line' id='line_1_24' title="bbox 260 2794 1289 2879; baseline -0.002 -24"><span class='ocrx_word' id='word_1_161' title='bbox 260 2802 312 2856; x_wconf 90' lang='lat' dir='ltr'>tet.</span> <span class='ocrx_word' id='word_1_162' title='bbox 358 2794 474 2858; x_wconf 78' lang='lat' dir='ltr'>Quibus</span> <span class='ocrx_word' id='word_1_163' title='bbox 503 2815 543 2853; x_wconf 86' lang='lat' dir='ltr'>ex</span> <span class='ocrx_word' id='word_1_164' title='bbox 572 2798 663 2856; x_wconf 88' lang='lat' dir='ltr'>rebus</span> <span class='ocrx_word' id='word_1_165' title='bbox 691 2815 760 2855; x_wconf 88' lang='lat' dir='ltr'>oon·</span> <span class='ocrx_word' id='word_1_166' title='bbox 787 2799 868 2879; x_wconf 81' lang='lat' dir='ltr'>[Fin.</span> <span class='ocrx_word' id='word_1_167' title='bbox 885 2800 990 2858; x_wconf 85' lang='lat'>1149:</span> <span class='ocrx_word' id='word_1_168' title='bbox 1012 2819 1072 2857; x_wconf 92' lang='lat' dir='ltr'>non</span> <span class='ocrx_word' id='word_1_169' title='bbox 1088 2799 1125 2857; x_wconf 94' lang='lat' dir='ltr'>ob</span> <span class='ocrx_word' id='word_1_170' title='bbox 1142 2815 1205 2855; x_wconf 92' lang='lat' dir='ltr'>eam</span> <span class='ocrx_word' id='word_1_171' title='bbox 1223 2814 1289 2854; x_wconf 91' lang='lat' dir='ltr'>oau-</span> 
     </span>
     <span class='ocr_line' id='line_1_25' title="bbox 258 2897 1289 2979; baseline -0.003 -21"><span class='ocrx_word' id='word_1_172' title='bbox 258 2901 349 2958; x_wconf 90' lang='lat' dir='ltr'>flatur</span> <span class='ocrx_word' id='word_1_173' title='bbox 379 2905 409 2959; x_wconf 87' lang='lat' dir='ltr'>et</span> <span class='ocrx_word' id='word_1_174' title='bbox 441 2897 570 2958; x_wconf 80' lang='lat' dir='ltr'>efficitur</span> <span class='ocrx_word' id='word_1_175' title='bbox 601 2899 647 2971; x_wconf 92' lang='lat' dir='ltr'>id,</span> <span class='ocrx_word' id='word_1_176' title='bbox 681 2900 759 2979; x_wconf 89' lang='lat' dir='ltr'>quod</span> <span class='ocrx_word' id='word_1_177' title='bbox 787 2923 848 2963; x_wconf 88' lang='lat' dir='ltr'>sam</span> <span class='ocrx_word' id='word_1_178' title='bbox 871 2907 969 2961; x_wconf 90' lang='lat' dir='ltr'>tamen</span> <span class='ocrx_word' id='word_1_179' title='bbox 984 2901 1058 2959; x_wconf 91' lang='lat' dir='ltr'>illud</span> <span class='ocrx_word' id='word_1_180' title='bbox 1074 2898 1132 2957; x_wconf 84' lang='lat' dir='ltr'>diei</span> <span class='ocrx_word' id='word_1_181' title='bbox 1154 2917 1219 2956; x_wconf 88' lang='lat' dir='ltr'>esse</span> <span class='ocrx_word' id='word_1_182' title='bbox 1236 2899 1289 2956; x_wconf 93' lang='lat' dir='ltr'>ho·</span> 
     </span>
     <span class='ocr_line' id='line_1_26' title="bbox 259 2999 1289 3085; baseline -0.004 -23"><span class='ocrx_word' id='word_1_183' title='bbox 259 3002 444 3082; x_wconf 86' lang='lat' dir='ltr'>quaerimus,</span> <span class='ocrx_word' id='word_1_184' title='bbox 475 3002 650 3075; x_wconf 87' lang='lat' dir='ltr'>honestum,</span> <span class='ocrx_word' id='word_1_185' title='bbox 681 3003 761 3082; x_wconf 92' lang='lat' dir='ltr'>quod</span> <span class='ocrx_word' id='word_1_186' title='bbox 787 3004 912 3077; x_wconf 81' lang='lat' dir='ltr'>nestum,</span> <span class='ocrx_word' id='word_1_187' title='bbox 933 3003 1003 3085; x_wconf 91' lang='lat' dir='ltr'>quia</span> <span class='ocrx_word' id='word_1_188' title='bbox 1017 3001 1153 3061; x_wconf 85' lang='lat' dir='ltr'>laudetur</span> <span class='ocrx_word' id='word_1_189' title='bbox 1175 2999 1289 3058; x_wconf 90' lang='lat' dir='ltr'>amul·</span> 
     </span>
     <span class='ocr_line' id='line_1_27' title="bbox 259 3101 1290 3187; baseline -0.003 -22"><span class='ocrx_word' id='word_1_190' title='bbox 259 3104 374 3165; x_wconf 91' lang='lat' dir='ltr'>etiamsi</span> <span class='ocrx_word' id='word_1_191' title='bbox 402 3103 591 3162; x_wconf 91' lang='lat' dir='ltr'>nobilitatum</span> <span class='ocrx_word' id='word_1_192' title='bbox 622 3124 681 3163; x_wconf 93' lang='lat' dir='ltr'>non</span> <span class='ocrx_word' id='word_1_193' title='bbox 713 3105 759 3178; x_wconf 89' lang='lat' dir='ltr'>sit,</span> <span class='ocrx_word' id='word_1_194' title='bbox 787 3110 835 3182; x_wconf 90' lang='lat' dir='ltr'>tis,</span> <span class='ocrx_word' id='word_1_195' title='bbox 859 3108 908 3167; x_wconf 88' lang='lat' dir='ltr'>sed</span> <span class='ocrx_word' id='word_1_196' title='bbox 925 3107 996 3187; x_wconf 90' lang='lat' dir='ltr'>quia</span> <span class='ocrx_word' id='word_1_197' title='bbox 1006 3104 1064 3166; x_wconf 91' lang='lat' dir='ltr'>tale</span> <span class='ocrx_word' id='word_1_198' title='bbox 1080 3103 1128 3178; x_wconf 90' lang='lat' dir='ltr'>sit,</span> <span class='ocrx_word' id='word_1_199' title='bbox 1143 3108 1187 3177; x_wconf 94' lang='lat' dir='ltr'>ut,</span> <span class='ocrx_word' id='word_1_200' title='bbox 1201 3102 1251 3162; x_wconf 86' lang='lat' dir='ltr'>vel</span> <span class='ocrx_word' id='word_1_201' title='bbox 1265 3101 1290 3161; x_wconf 92' lang='lat' dir='ltr'>si</span> 
     </span>
     <span class='ocr_line' id='line_1_28' title="bbox 259 3204 1290 3287; baseline -0.005 -20"><span class='ocrx_word' id='word_1_202' title='bbox 259 3213 357 3267; x_wconf 86' lang='lat' dir='ltr'>tamen</span> <span class='ocrx_word' id='word_1_203' title='bbox 375 3207 534 3267; x_wconf 88' lang='lat' dir='ltr'>honestum</span> <span class='ocrx_word' id='word_1_204' title='bbox 550 3207 598 3280; x_wconf 91' lang='lat' dir='ltr'>sit,</span> <span class='ocrx_word' id='word_1_205' title='bbox 622 3209 761 3287; x_wconf 91' lang='lat' dir='ltr'>quodque</span> <span class='ocrx_word' id='word_1_206' title='bbox 787 3213 960 3287; x_wconf 88' lang='lat' dir='ltr'>ignorarent</span> <span class='ocrx_word' id='word_1_207' title='bbox 975 3209 1005 3267; x_wconf 93' lang='lat' dir='ltr'>id</span> <span class='ocrx_word' id='word_1_208' title='bbox 1027 3207 1171 3278; x_wconf 88' lang='lat' dir='ltr'>homines,</span> <span class='ocrx_word' id='word_1_209' title='bbox 1193 3205 1243 3267; x_wconf 87' lang='lat' dir='ltr'>vel</span> <span class='ocrx_word' id='word_1_210' title='bbox 1266 3204 1290 3264; x_wconf 90' lang='lat' dir='ltr'>si</span> 
     </span>
     <span class='ocr_line' id='line_1_29' title="bbox 260 3307 1290 3385; baseline -0.003 -17"><span class='ocrx_word' id='word_1_211' title='bbox 260 3327 329 3368; x_wconf 85' lang='lat' dir='ltr'>vere</span> <span class='ocrx_word' id='word_1_212' title='bbox 346 3309 478 3381; x_wconf 86' lang='lat' dir='ltr'>dieimua,</span> <span class='ocrx_word' id='word_1_213' title='bbox 501 3309 617 3369; x_wconf 85' lang='lat' dir='ltr'>etiamsi</span> <span class='ocrx_word' id='word_1_214' title='bbox 638 3329 656 3368; x_wconf 95' lang='lat' dir='ltr'>a</span> <span class='ocrx_word' id='word_1_215' title='bbox 677 3309 760 3369; x_wconf 91' lang='lat' dir='ltr'>nullo</span> <span class='ocrx_word' id='word_1_216' title='bbox 789 3311 1012 3384; x_wconf 84' lang='lat' dir='ltr'>obmutuissent,</span> <span class='ocrx_word' id='word_1_217' title='bbox 1036 3330 1089 3369; x_wconf 88' lang='lat' dir='ltr'>sua</span> <span class='ocrx_word' id='word_1_218' title='bbox 1106 3314 1205 3370; x_wconf 89' lang='lat' dir='ltr'>tamen</span> <span class='ocrx_word' id='word_1_219' title='bbox 1224 3307 1290 3385; x_wconf 92' lang='lat' dir='ltr'>pul-</span> 
     </span>
     <span class='ocr_line' id='line_1_30' title="bbox 259 3409 1290 3490; baseline 0 -23"><span class='ocrx_word' id='word_1_220' title='bbox 259 3409 407 3484; x_wconf 89' lang='lat' dir='ltr'>laudetur,</span> <span class='ocrx_word' id='word_1_221' title='bbox 447 3415 554 3470; x_wconf 89' lang='lat' dir='ltr'>natura</span> <span class='ocrx_word' id='word_1_222' title='bbox 593 3431 658 3471; x_wconf 89' lang='lat' dir='ltr'>esse</span> <span class='ocrx_word' id='word_1_223' title='bbox 699 3413 760 3471; x_wconf 89' lang='lat' dir='ltr'>lau·</span> <span class='ocrx_word' id='word_1_224' title='bbox 789 3413 956 3476; x_wconf 84' lang='lat' dir='ltr'>ohritudine</span> <span class='ocrx_word' id='word_1_225' title='bbox 968 3419 1046 3473; x_wconf 89' lang='lat' dir='ltr'>esset</span> <span class='ocrx_word' id='word_1_226' title='bbox 1059 3413 1216 3490; x_wconf 76' lang='lat' dir='ltr'>specieque</span> <span class='ocrx_word' id='word_1_227' title='bbox 1226 3410 1290 3468; x_wconf 93' lang='lat' dir='ltr'>lau-</span> 
     </span>
    </p>
   </div>
   <div class='ocr_carea' id='block_1_5' title="bbox 263 3512 911 3592">
    <p class='ocr_par' dir='ltr' id='par_1_7' title="bbox 263 3512 911 3592">
     <span class='ocr_line' id='line_1_31' title="bbox 263 3512 911 3592; baseline 0.005 -22"><span class='ocrx_word' id='word_1_228' title='bbox 263 3512 368 3572; x_wconf 91' lang='lat' dir='ltr'>dabile.</span> <span class='ocrx_word' id='word_1_229' title='bbox 789 3512 911 3592; x_wconf 80' lang='lat' dir='ltr'>debila]</span> 
     </span>
    </p>
   </div>
   <div class='ocr_carea' id='block_1_6' title="bbox 259 3703 1290 4092">
    <p class='ocr_par' dir='ltr' id='par_1_8' title="bbox 259 3703 1290 4092">
     <span class='ocr_line' id='line_1_32' title="bbox 436 3703 1082 3779; baseline -0.002 -17"><span class='ocrx_word' id='word_1_230' title='bbox 436 3703 532 3779; x_wconf 74' lang='lat' dir='ltr'>Caput</span> <span class='ocrx_word' id='word_1_231' title='bbox 556 3707 583 3761; x_wconf 79' lang='lat'>5.</span> <span class='ocrx_word' id='word_1_232' title='bbox 759 3719 761 3724; x_wconf 83' lang='grc'><strong>’</strong></span> <span class='ocrx_word' id='word_1_233' title='bbox 993 3705 1008 3776; x_wconf 66' lang='grc' dir='ltr'>ξ</span> <span class='ocrx_word' id='word_1_234' title='bbox 1032 3707 1082 3762; x_wconf 86' lang='grc'>48.</span> 
     </span>
     <span class='ocr_line' id='line_1_33' title="bbox 324 3802 1290 3885; baseline 0 -24"><span class='ocrx_word' id='word_1_235' title='bbox 324 3802 462 3863; x_wconf 85' lang='lat' dir='ltr'>Formam</span> <span class='ocrx_word' id='word_1_236' title='bbox 500 3805 618 3885; x_wconf 92' lang='lat' dir='ltr'>quidem</span> <span class='ocrx_word' id='word_1_237' title='bbox 655 3805 759 3882; x_wconf 87' lang='lat' dir='ltr'>ipsam,</span> <span class='ocrx_word' id='word_1_238' title='bbox 851 3806 953 3865; x_wconf 90' lang='lat' dir='ltr'>Habes</span> <span class='ocrx_word' id='word_1_239' title='bbox 981 3805 1114 3884; x_wconf 91' lang='lat' dir='ltr'>undique</span> <span class='ocrx_word' id='word_1_240' title='bbox 1140 3803 1290 3881; x_wconf 85' lang='lat' dir='ltr'>expletam</span> 
     </span>
     <span class='ocr_line' id='line_1_34' title="bbox 260 3905 1290 3988; baseline 0.003 -26"><span class='ocrx_word' id='word_1_241' title='bbox 260 3907 358 3965; x_wconf 89' lang='lat' dir='ltr'>Maroe</span> <span class='ocrx_word' id='word_1_242' title='bbox 389 3906 442 3981; x_wconf 87' lang='lat' dir='ltr'>fili,</span> <span class='ocrx_word' id='word_1_243' title='bbox 474 3913 505 3968; x_wconf 88' lang='lat' dir='ltr'>et</span> <span class='ocrx_word' id='word_1_244' title='bbox 535 3912 687 3988; x_wconf 85' lang='lat' dir='ltr'>tamquam</span> <span class='ocrx_word' id='word_1_245' title='bbox 715 3910 759 3967; x_wconf 86' lang='lat' dir='ltr'>fa·</span> <span class='ocrx_word' id='word_1_246' title='bbox 786 3915 817 3969; x_wconf 87' lang='lat' dir='ltr'>et</span> <span class='ocrx_word' id='word_1_247' title='bbox 838 3909 1008 3985; x_wconf 83' lang='lat' dir='ltr'>perfectam,</span> <span class='ocrx_word' id='word_1_248' title='bbox 1038 3909 1196 3987; x_wconf 76' lang='lat' dir='ltr'>Torquate,</span> <span class='ocrx_word' id='word_1_249' title='bbox 1226 3905 1290 3965; x_wconf 85' lang='lat' dir='ltr'>for-</span> 
     </span>
     <span class='ocr_line' id='line_1_35' title="bbox 259 4008 1186 4092; baseline 0.001 -27"><span class='ocrx_word' id='word_1_250' title='bbox 259 4008 333 4067; x_wconf 82' lang='lat' dir='ltr'>eiem</span> <span class='ocrx_word' id='word_1_251' title='bbox 356 4011 477 4071; x_wconf 89' lang='lat' dir='ltr'>honesti</span> <span class='ocrx_word' id='word_1_252' title='bbox 499 4012 591 4085; x_wconf 85' lang='lat' dir='ltr'>videa,</span> <span class='ocrx_word' id='word_1_253' title='bbox 618 4030 694 4092; x_wconf 91' lang='lat' dir='ltr'>quae</span> <span class='ocrx_word' id='word_1_254' title='bbox 715 4012 759 4086; x_wconf 88' lang='lat' dir='ltr'>„si</span> <span class='ocrx_word' id='word_1_255' title='bbox 786 4031 862 4070; x_wconf 91' lang='lat' dir='ltr'>mam</span> <span class='ocrx_word' id='word_1_256' title='bbox 892 4011 1057 4071; x_wconf 82' lang='lat' dir='ltr'>honestatis</span> <span class='ocrx_word' id='word_1_257' title='bbox 1064 4055 1072 4085; x_wconf 94' lang='lat'>,</span> <span class='ocrx_word' id='word_1_258' title='bbox 1110 4028 1186 4088; x_wconf 90' lang='lat' dir='ltr'>quae</span> 
     </span>
    </p>
   </div>
   <div class='ocr_carea' id='block_1_7' title="bbox 0 0 1558 4712">
    <p class='ocr_par' dir='ltr' id='par_1_9' title="bbox 0 0 1558 4712">
     <span class='ocr_line' id='line_1_36' title="bbox 0 0 1558 4712; baseline 0 0"><span class='ocrx_word' id='word_1_259' title='bbox 0 0 1558 4712; x_wconf 95' lang='lat' dir='ltr'> </span> 
     </span>
    </p>
   </div>
  </div>
 </body>
</html>
