3082 4712
603 409 817 476 ..17-

281 589 364 647 Haec
386 585 483 660 igitur
505 590 550 643 ast
571 584 696 663 partitio
720 583 909 659 sagacissime
933 582 1110 658 excogitata,
1134 602 1221 662 quam

196 693 227 751 in
258 690 438 766 explicanda
469 689 599 748 secunda
630 688 745 750 virtute
776 685 938 746 Panaetius
968 685 1115 745 adhibuit.
1159 688 1222 744 Iam

195 793 314 868 singula
337 791 503 853 rideamus.
547 791 681 850 Duorum
704 789 798 864 igitur
824 808 991 862 munerum,
1021 807 1097 868 quae
1120 788 1223 847 Cicero

194 895 210 974 g
233 903 272 954 20
297 893 432 954 iustitiae
456 914 520 952 esse
543 892 660 965 statuit,
693 891 777 969 prius
798 895 916 951 tantum
940 891 977 950 ad
1000 890 1136 950 Panaetii
1158 910 1225 967 par·

193 999 333 1058 titionem
357 995 490 1072 pertinet
519 995 612 1076 idque
634 1018 652 1054 a
674 995 818 1054 Cicerone
850 995 1003 1070 paululum
1034 992 1225 1069 mutatumll.

195 1103 270 1160 Nam
294 1120 354 1158 non
377 1101 414 1158 de
440 1099 585 1171 nocendo,
610 1100 661 1158 sed
684 1100 721 1156 de
743 1097 857 1157 iniuria
876 1099 928 1158 vel
949 1095 1087 1155 facienda
1101 1096 1152 1157 vel
1174 1096 1224 1153 ad-

196 1202 343 1262 mittenda
372 1201 404 1260 in
435 1201 489 1260 illa
520 1201 685 1277 partitione
715 1199 827 1260 dictum
859 1199 982 1275 erat²);
1016 1197 1224 1277 exceptionem

150 1343 152 1347 -
184 1290 298 1364 'autem
322 1325 401 1377 eam,
432 1324 522 1383 quam
546 1303 684 1362 concedit
705 1302 825 1376 Cicero,
854 1305 889 1360 ut
918 1300 958 1373 ei,
990 1300 1043 1380 qui
1069 1300 1226 1360 lacessitus

200 1408 240 1466 sit
261 1405 381 1478 iniuria,
404 1426 513 1466 nocere
534 1405 635 1479 liceat,
666 1403 805 1464 Panaetii
827 1424 888 1463 non
912 1424 977 1463 esse
998 1403 1069 1462 inde
1093 1408 1227 1482 apparet,

200 1510 281 1588 quod
304 1508 319 1586 5
344 1513 382 1567 29
406 1508 507 1568 odium
529 1508 719 1586 improbatur
740 1507 761 1567 i.
779 1528 804 1566 a.
833 1506 953 1580 „libido
969 1506 1131 1583 poeniendi
1154 1505 1227 1578 eius,

198 1611 249 1690 qui
265 1610 407 1672 videatur
420 1609 545 1670 laesisse
560 1609 700 1669 iniuria“.
740 1611 846 1689 Neque
861 1608 957 1684 igitur
972 1629 1067 1684 pauca
1085 1629 1128 1696 qa,
1151 1627 1227 1688 quae

197 1735 260 1792 cap.
289 1718 323 1771 ll
351 1711 366 1790 ξ
393 1719 430 1770 33
456 1715 492 1772 ad
515 1734 579 1772 eam
603 1712 812 1790 exceptionem
835 1711 1003 1771 accuratius
1025 1711 1228 1770 determinan-

197 1819 265 1875 dam
288 1816 496 1893 proferuntur,
519 1836 557 1875 ex
580 1815 723 1875 Panaetio
746 1813 946 1890 fluxarum).
989 1815 1068 1873 Item
1090 1833 1157 1874 cum
1178 1813 1227 1872 his

200 1921 395 1976 cohaerentes
419 1915 452 1994 ἓξ
477 1923 618 1989 34-40,
651 1918 820 1997 quibusda
850 1917 916 1976 iure
944 1917 1019 1980 belli,
1047 1915 1160 1991 agitur,
1190 1919 1227 1976 ab

140 2071 144 2076 ,
199 2019 266 2095 ipso
290 2018 433 2078 Cicerone
455 2019 574 2079 additae
598 2020 717 2098 sunt4).

286 2120 370 2184 Quae
394 2121 409 2198 ξ
428 2127 467 2180 24
484 2141 548 2201 sqq.
571 2124 608 2182 de
631 2118 777 2200 pecuniae
800 2128 831 2182 et
844 2121 1048 2200 imperiorum,
1071 2123 1229 2196 honorum,

199 2223 314 2299 gloriae
342 2224 509 2302 cupiditate
531 2224 682 2300 dicuntur,
710 2226 811 2285 omnia
833 2224 986 2285 Ciceronis
1008 2245 1073 2285 esse
1095 2229 1228 2304 apparet.

285 2327 443 2401 Sententia
458 2327 597 2388 Panaetii
620 2326 635 2407 5
652 2330 690 2388 27
708 2329 835 2406 prolata,
858 2347 934 2407 quae
957 2327 1064 2387 statuit
1084 2329 1229 2390 leviorem

202 2449 266 2489 esse
290 2450 354 2488 eam
376 2429 528 2502 iniuriam,
550 2450 627 2509 quae
642 2430 871 2509 perturbatione
894 2431 995 2510 aliqua
1017 2429 1118 2503 animi,
1141 2449 1229 2510 quam

203 2552 276 2604 eam,
303 2551 380 2610 quae
404 2532 624 2606 consultabat,
648 2534 795 2608 genuinae
818 2533 986 2594 Stoicorum
1008 2533 1162 2592 doctrinae
1185 2553 1231 2591 ra·

202 2639 330 2712 pugnat;
362 2635 469 2694 sedin
492 2635 679 2710 gravissimis
702 2640 791 2697 rebus
815 2659 832 2695 a
855 2636 962 2697 ceteris
985 2635 1093 2696 Stoicis
1116 2636 1232 2694 Panae-

202 2737 262 2796 tius
278 2735 516 2810 dissentiebat5).
555 2737 659 2799 (licere
682 2728 847 2800 autem'hic
862 2759 981 2820 quoque
1004 2738 1142 2800 Panaetii
1164 2759 1230 2798 sen-

273 2980 284 3023 1
317 2973 368 3022 cfr.
384 2969 422 3021 111
442 2977 482 3022 76.

272 2980 297 3124 ²i
317 3061 456 3107 Discrimen
475 3060 540 3107 inter
558 3061 602 3109 has
615 3064 728 3110 notiones
746 3063 898 3110 intercedere
916 3063 1001 3109 statuit
1018 3063 1071 3122 ipse
1086 3063 1172 3111 cicero
1190 3063 1231 3111 lin.

204 3146 241 3191 III
261 3149 299 3193 71.

274 3227 299 3293 3)
318 3230 460 3278 Sententiae
483 3232 519 3298 ibi
544 3234 656 3292 prolatae
680 3249 710 3281 ex
728 3235 789 3280 Plat.
809 3209 932 3292 Gorgsp.
952 3233 1024 3281 5251)
1049 3235 1151 3282 haustae
1174 3240 1232 3282 sunt

208 3313 301 3376 (Heinii
325 3315 401 3378 adn),
426 3317 494 3364 cuius
520 3318 613 3378 dialogi
636 3318 780 3366 Ciceronem
804 3319 948 3365 interiorem
973 3319 1096 3378 quandam
1120 3319 1231 3366 notitiam

207 3397 323 3446 habuisse
341 3405 442 3449 constat.

276 3481 302 3549 4)
320 3485 430 3532 alterum
448 3502 536 3536 munus
556 3489 665 3536 iustitiae
684 3489 770 3536 Cicero
795 3487 863 3547 prius
888 3488 996 3546 explicat
1020 3488 1051 3548 ἐξ
1071 3491 1179 3537 21-23.
1198 3514 1231 3524 -
1257 3469 1260 3476 ¹

206 3570 221 3630 ξ
241 3571 271 3616 22
291 3574 318 3615 ut
335 3571 416 3617 locum
432 3573 502 3620 illum
520 3574 740 3621 Pseudo-Platonis
758 3573 864 3634 afferret,
886 3587 914 3618 eo
937 3578 1074 3620 commotus
1092 3587 1145 3621 esse
1162 3575 1231 3621 vide·

204 3661 255 3713 tur,
275 3656 340 3714 quod
359 3655 420 3714 fons,
440 3673 469 3705 ex
487 3673 536 3718 quo
554 3660 594 3705 fin.
614 3660 757 3706 1145-47
778 3663 801 3704 et
818 3659 858 3703 off.
878 3657 890 3702 l
909 3672 929 3703 c.
947 3659 963 3703 4
982 3659 1111 3716 fluxerunt,
1136 3659 1158 3705 ei
1175 3665 1232 3706 ante

204 3742 288 3788 oeulos
307 3747 367 3790 erat.
404 3743 454 3790 Cir.
475 3758 550 3804 supra
568 3759 593 3803 p.
608 3747 647 3792 11.
664 3747 701 3791 12.
721 3769 752 3778 -
772 3743 834 3790 Cum
852 3745 930 3790 altera
943 3745 1094 3803 paragraphi
1113 3747 1144 3791 22
1163 3751 1234 3803 parte

204 3827 248 3872 cfr.
267 3827 307 3872 fin.
327 3828 365 3873 III
385 3831 429 3891 673
457 3844 536 3888 neque
560 3829 600 3875 hic
622 3843 701 3888 neque
725 3829 780 3876 aliis
804 3829 874 3887 locis,
900 3830 990 3888 quibus
1009 3829 1103 3876 Stoicos
1128 3844 1232 3877 commc-

204 3917 296 3970 momt,
323 3912 409 3960 cicero
429 3914 476 3960 hcc
501 3913 600 3960 nomine
625 3914 707 3972 ipsum
725 3915 871 3960 Panaetium
892 3915 1032 3974 significare
1049 3915 1111 3960 vult.
1135 3940 1169 3950 -
1194 3915 1232 3961 De

205 3998 297 4056 origine
315 3999 431 4044 vocabuli
450 3999 545 4059 „fides“
565 3999 650 4045 eadem
669 4000 791 4046 sententia
808 4001 933 4058 profertur
950 4015 1001 4060 rep.
1017 4001 1053 4046 IV
1072 4003 1095 4047 7.

273 4079 298 4152 5)
318 4081 371 4130 Cfr.
388 4083 462 4130 etiam
479 4084 545 4131 infra
568 4099 592 4145 p.
613 4088 653 4135 19.
690 4086 804 4135 Ceterum
829 4085 893 4133 alius
918 4100 1015 4146 quoque
1032 4071 1158 4146 Antipatri
1175 4087 1234 4134 Tar-

1029 4191 1043 4236 2
