3082 4712
600 363 814 431 ..25-

187 532 363 617 πρέποντος,
387 558 454 598 eum
476 530 531 616 τὴν
549 533 730 618 κοσμιότητα
752 561 816 601 esse
839 541 939 600 dicant
961 532 1126 618 ἐπιστήμην
1147 559 1217 621 πρε-

190 642 314 701 πονσοόν
337 637 387 699 καὶ
411 634 766 720 depraesentiarum).

272 745 312 803 Et
343 745 380 802 ab
411 745 468 804 hoc
497 745 619 804 notione
650 746 703 804 τοῦ
726 741 892 823 πρέποντος
915 747 1003 806 etium
1027 747 1129 806 Cicero
1158 747 1217 806 ini-

187 847 262 906 tium
286 847 373 925 capit.
419 847 477 907 Sed
500 867 565 906 cum
590 849 642 922 τῆς
662 841 857 924 κοσμιότητος
878 849 1001 927 propriu
1025 849 1072 910 vis
1095 849 1217 908 notione

186 943 329 1025 κινήσεως
359 950 459 1008 addita
491 951 563 1009 sctis
595 957 732 1010 sccurste
763 957 841 1010 esset
873 951 1083 1025 determinato,
1114 952 1216 1011 Cicero

186 1053 243 1110 hoc
274 1051 397 1112 notione
427 1052 573 1131 relicte2)
604 1058 697 1112 toturn
729 1060 865 1133 quartam
886 1053 1029 1115 virtutem
1058 1056 1138 1114 nuda
1164 1055 1218 1114 τοῦ

188 1150 354 1232 πρέποντος
377 1143 500 1214 notione
524 1155 670 1216 contineri
689 1156 792 1216 voluit.
838 1157 910 1215 Cum
934 1176 1005 1217 vero
1029 1157 1218 1231 intellegeret

189 1253 305 1335 πρέπον
327 1263 357 1316 et
379 1258 538 1317 honestum
560 1259 623 1317 fere
645 1258 723 1317 idem
745 1260 855 1333 volere,
878 1260 936 1318 duo
960 1259 1043 1338 quasi
1067 1255 1218 1337 πρέποντα

189 1360 215 1418 ei
236 1362 394 1420 statuenda
416 1366 510 1434 erant,
534 1381 626 1420 unum
644 1362 722 1441 quod
739 1362 773 1419 od
796 1382 913 1421 omnem
932 1363 1119 1422 honestatem
1135 1383 1218 1441 spec·

188 1468 274 1535 taret,
302 1463 427 1522 alterum
452 1464 529 1543 quod
554 1468 676 1542 quartae
700 1463 822 1524 virtutis
844 1464 939 1525 vicem
962 1470 1137 1542 praestaret.
1180 1466 1218 1524 In

189 1566 414 1625 definitionibus
446 1572 543 1625 autem
575 1567 729 1645 utriusque
753 1569 851 1626 decori
875 1569 1011 1628 Ciceroni
1044 1571 1219 1628 obversatur

189 1665 272 1737 τέλος
300 1669 374 1729 illud
403 1669 585 1743 Stoicorum,
616 1672 694 1749 quod
725 1675 770 1728 est
801 1661 1045 1748 ὁμολογουμένως
1067 1672 1102 1752 τῇ
1132 1663 1219 1744 φύσει

188 1773 251 1847 ζῆν,
274 1778 420 1846 „naturae
437 1773 650 1833 convenienter
665 1773 795 1850 vivere‘,
820 1779 849 1832 et
869 1775 947 1852 quod
970 1774 1053 1852 prior
1070 1774 1152 1832 notio
1169 1774 1218 1833 do-

191 1875 253 1933 cori
276 1894 341 1934 eum
363 1876 489 1934 honesto
513 1876 636 1934 eandem
658 1877 722 1934 fere
738 1875 799 1936 vim
817 1877 910 1934 hebet
931 1881 961 1934 et
977 1877 1048 1956 quia
1063 1876 1217 1948 vocabule,

190 1996 265 2057 quae
288 1982 358 2036 sunt
379 1978 598 2050 ‚‚conveniens,
631 1983 872 2039 consentaneus“
895 1969 1169 2057 (ὁμολογούμενος),
1202 1997 1219 2037 a

190 2081 321 2139 secunda
343 2081 464 2140 notione
487 2082 540 2139 τοῦ
563 2076 729 2154 πρέποντος
751 2102 812 2141 non
835 2081 960 2141 multum
982 2081 1095 2140 distant
1124 2079 1144 2157 ).

275 2184 416 2244 Videmus
437 2184 531 2257 igitur
554 2183 726 2243 Ciceronem
756 2185 865 2243 sensim
887 2185 1050 2264 furtimque
1078 2202 1096 2242 ο
1118 2183 1218 2260 priore

190 2287 314 2345 notione
336 2287 390 2343 τοῦ
413 2282 581 2364 πρέποντος
603 2286 639 2344 od
665 2286 788 2344 alteram
818 2287 954 2346 transire.
1000 2287 1057 2346 Sed
1079 2286 1153 2344 haec
1176 2286 1217 2345 al·

188 2396 252 2448 tero
274 2389 306 2447 in
329 2389 434 2467 primis
457 2393 620 2465 poetarum,
650 2389 806 2467 pictorum,
839 2390 1028 2463 histrionum,
1058 2395 1217 2466 oratorum,

188 2491 317 2570 denique
341 2491 473 2550 omnium
500 2510 600 2549 earum
630 2492 737 2550 ortium
768 2492 890 2570 proprio
921 2498 974 2564 est,
1006 2510 1082 2572 quae
1104 2491 1218 2570 aliquid

189 2596 339 2668 effingunt
360 2593 409 2655 vel
432 2593 648 2670 depinguut4).
694 2593 793 2658 Quare
816 2595 945 2673 scriptor
966 2596 1031 2670 ipse
1053 2597 1085 2669 ἐξ
1104 2594 1153 2652 97.
1177 2599 1217 2652 98

188 2701 226 2756 ob
242 2718 276 2756 eo
301 2692 453 2776 πρέποντι,
479 2697 557 2776 quod
580 2700 735 2772 poetarum
756 2699 911 2776 proprium
935 2704 987 2771 est,
1012 2717 1095 2756 orsus
1111 2698 1218 2756 decen·

188 2801 248 2859 tiue
271 2801 425 2859 notionem
448 2799 628 2858 constituere
652 2805 785 2860 conatur.
836 2801 893 2860 Sed
925 2799 1013 2875 plone
1044 2799 1123 2859 ultre
1145 2801 1219 2859 fines
1296 2827 1299 2833 Δ

188 2903 280 2962 etium
310 2903 391 2961 illius
419 2898 585 2979 πρέποντος
614 2903 813 2976 progreditur.
858 2905 934 2962 Nom
965 2903 1043 2982 quod
1072 2905 1088 2976 ξ
1112 2907 1151 2962 98
1183 2903 1219 2960 ad

190 3006 422 3083 descriptionem
444 3004 545 3064 decori
568 3021 679 3062 novum
702 3003 815 3083 aliquid
838 3005 936 3077 oddit,
967 3005 1046 3083 quod
1072 3008 1117 3062 est
1139 3025 1218 3079 „non

190 3108 348 3183 neglegere
371 3129 460 3189 quem
489 3109 667 3168 admodum
696 3127 750 3166 nos
780 3110 937 3170 adversum
966 3107 1103 3188 homines
1134 3127 1218 3182 gera-

190 3214 274 3267 mus“
296 3210 355 3288 vel,
378 3216 412 3270 ut
433 3219 502 3289 post
525 3233 642 3290 semper
664 3232 717 3288 per
739 3212 918 3288 positionem
940 3211 1126 3288 exprimitur,
1148 3231 1219 3288 „up-

191 3311 398 3387 probationem
423 3333 533 3388 eorum,
563 3314 742 3395 quibuscum
765 3316 886 3390 vivitur,
916 3317 1068 3374 movere“:
1093 3315 1131 3372 ab
1160 3313 1220 3372 illis

191 3413 305 3472 artibus
327 3414 366 3486 id,
392 3417 468 3492 quod
487 3417 529 3474 eis
544 3418 608 3476 fere
624 3437 769 3476 summum
785 3417 971 3495 propositum
987 3418 1040 3488 est,
1063 3417 1099 3474 ed
1122 3416 1219 3475 mor'es

261 3616 285 3678 1)
304 3615 372 3664 Stob.
391 3618 436 3664 ecl.
454 3618 480 3664 11
499 3619 541 3679 60,
559 3621 598 3667 20.
619 3622 659 3678 61,
680 3620 748 3667 9W.

260 3701 288 3766 2)
307 3702 358 3750 Gir.
377 3703 442 3750 inira
458 3718 482 3763 p.
498 3705 538 3752 26.

259 3793 283 3846 3)
301 3790 361 3837 Post
379 3789 465 3838 Cicero
484 3790 557 3851 plone
576 3789 635 3836 dicit
655 3790 702 3848 „sd
721 3794 833 3835 naturam
848 3794 929 3848 aptus,
947 3791 977 3836 sd
994 3793 1107 3837 naturam
1124 3803 1219 3836 accom-

190 3877 322 3924 modatus“
342 3876 370 3938 (ξ
389 3878 439 3925 100
457 3875 516 3938 οι).
1268 3935 1270 3939 ι

259 3961 288 4026 4)
307 3960 358 4009 cfr.
378 3961 428 4010 cie.
447 3965 509 4009 orat.
527 3976 580 4022 cup.
600 3963 630 4008 21
650 3975 687 4022 sq.
724 3962 813 4021 Velut,
836 3961 858 4007 si
881 3964 958 4007 artem
982 3961 1114 4008 oratorium
1137 3973 1219 4020 respe-

189 4047 264 4110 xeris,
282 4042 311 4098 τό
331 4043 481 4116 πρέπονοιλ
499 4042 565 4110 λέξις
583 4042 661 4102 οἰκεία
679 4044 716 4115 τῷ
734 4040 874 4113 πράγματι.
909 4045 983 4108 Diog.
1001 4046 1032 4093 L.
1050 4046 1098 4092 Vll
1116 4047 1156 4096 59.
