3082 4712
646 355 859 420 ..13-

234 527 336 606 plicat.
382 526 526 587 Panaetio
542 531 661 587 tantum
678 529 843 589 attribuere
865 550 1033 608 possumus,
1055 530 1134 609 quod
1157 529 1264 589 ultimo

235 632 389 690 enuntiato
405 630 460 689 illa
475 630 584 691 divisio
601 631 854 708 contemplativae
870 631 995 693 virtutis
1017 631 1049 691 in
1072 632 1264 711 prudentiam

235 740 265 792 et
288 733 467 811 sapientiam
489 733 648 811 repetitur.
686 733 816 814 Reliqua
838 755 907 812 pars
931 733 1038 813 capitis
1060 755 1121 794 non
1144 734 1205 793 nisi
1228 735 1265 793 ad

235 835 378 894 scientiae
401 835 534 895 studium
550 841 674 913 spectat.
712 839 912 914 Praeceptum
929 836 1060 916 quidem,
1083 838 1163 916 quod
1186 835 1201 914 ἓ
1226 841 1263 894 19

232 939 275 998 in.
298 941 397 1011 datur,
421 943 538 997 etcum
563 937 579 1016 ς
605 944 641 996 13
665 939 707 998 in.
731 938 881 998 consentit
910 957 1008 1017 neque
1031 939 1169 998 Panaetii
1199 959 1265 1000 esse

234 1045 349 1116 potest3
372 1062 442 1100 nam
465 1061 529 1118 rep.
552 1043 569 1099 I
595 1046 631 1099 15
654 1041 720 1118 ipse
742 1047 867 1120 propter
889 1041 997 1102 vitium
1021 1042 1051 1100 h.
1066 1042 1087 1101 l.
1111 1041 1264 1121 vitupera-

235 1151 299 1201 tum
322 1144 558 1222 reprehenditur
569 1145 609 1220 1).

324 1265 387 1321 lam
404 1261 438 1342 ἓξ
458 1269 583 1323 20-60
601 1264 704 1324 Cicero
720 1264 756 1322 de
773 1264 903 1323 secunda
919 1263 1034 1324 virtute
1056 1263 1119 1338 agit
1142 1284 1265 1344 eamque

238 1364 349 1425 dividit
376 1366 578 1426 iniustitiam
609 1364 656 1446 (§§
681 1369 820 1441 20—41)
848 1372 879 1426 et
900 1365 1129 1426 beneficentiam
1154 1365 1201 1446 (§§
1224 1372 1264 1426 42

240 1468 345 1546 -60).
393 1469 534 1528 Iustitiae
565 1471 623 1528 duo
655 1490 781 1529 munera
810 1489 891 1528 esse:
923 1468 1053 1546 primum
1082 1474 1117 1529 ut
1147 1489 1185 1528 ne
1217 1469 1265 1528 cui

238 1571 304 1650 quis
327 1577 433 1631 noceat
455 1571 515 1631 nisi
538 1572 695 1632 lacessitus
717 1571 838 1644 iniuria,
870 1572 979 1631 deinde
1002 1579 1037 1631 ut
1058 1571 1266 1632 communibus

180 1663 184 1672 ’
237 1694 289 1750 pro
306 1674 513 1734 communibus
535 1680 648 1746 utatur,
671 1673 799 1752 privatis
815 1679 850 1733 ut
865 1676 936 1733 suis.
976 1675 1016 1732 Et
1032 1680 1187 1753 postquam
1205 1673 1266 1749 pri·

236 1796 315 1834 mum
340 1778 376 1834 de
400 1779 529 1836 seeundo
552 1799 676 1837 munere
700 1777 763 1852 egit
786 1777 820 1856 ἓξ
839 1781 974 1850 21—23,
997 1774 1014 1856 S
1033 1783 1071 1835 23
1095 1777 1134 1834 ad
1155 1776 1265 1854 prioris

237 1878 470 1954 explicationem
492 1879 611 1938 transit.
655 1879 828 1939 Iniustitiae
851 1878 947 1953 igitur
976 1880 1034 1937 duo
1059 1898 1169 1952 genera
1191 1899 1264 1949 esse,

237 2001 330 2039 unum
362 2001 473 2054 eorum,
507 1981 557 2061 qui
591 1983 736 2052 inferant,
770 1983 897 2040 alterum
928 2002 1045 2054 eorum,
1077 1979 1129 2060 qui
1152 1982 1189 2040 ab
1217 1979 1265 2053 iis,

237 2082 345 2161 quibus
367 2083 507 2157 infertur,
537 2086 560 2144 si
585 2085 710 2160 possint,
741 2106 801 2144 non
830 2085 1009 2163 propulsent
1030 2082 1181 2143 iniuriam.
1226 2083 1267 2141 Et

236 2182 270 2262 ἓξ
302 2189 426 2245 24-26
459 2186 553 2265 prius,
586 2187 620 2265 ἓξ
654 2192 702 2246 28.
729 2192 767 2245 29
800 2186 948 2263 posterius
978 2207 1072 2262 genus
1102 2191 1265 2258 tractatur;

237 2287 312 2365 §27
337 2294 434 2347 autem
459 2290 496 2347 ad
526 2296 687 2370 utrumque
710 2294 834 2365 spectat.
879 2289 963 2348 Dicit
985 2291 1064 2348 enim
1088 2289 1192 2348 (licere
1216 2287 1266 2360 „in

239 2390 322 2449 omni
343 2389 496 2450 iniustitia
518 2393 702 2469 permultum
723 2392 870 2452 interesse
877 2436 885 2463 ,
915 2396 1018 2451 utrum
1040 2390 1268 2469 perturbatione

170 2477 175 2487 ¹
239 2491 340 2571 aliqua
363 2492 456 2550 animi
479 2515 516 2552 an
540 2496 675 2554 consulto
700 2499 732 2553 et
754 2492 885 2569 cogitata
909 2493 964 2552 fiat
991 2491 1131 2553 iniuria“.
1184 2491 1267 2549 Haec

239 2592 347 2652 divisio
371 2600 402 2654 et
423 2594 455 2653 in
478 2597 727 2656 antecedentibus
751 2596 835 2655 etin
862 2594 1057 2674 sequentibus
1080 2597 1266 2654 observetur.

239 2695 254 2774 ἓ
280 2701 319 2754 24
345 2697 449 2756 Oicero
482 2698 557 2757 dicit
585 2699 723 2758 homines
753 2698 867 2759 inferre
899 2695 1027 2756 iniurias
1058 2717 1146 2776 saepe
1175 2701 1266 2769 metu,

238 2799 400 2857 maximam
426 2805 526 2860 autem
557 2806 674 2878 partem
705 2801 871 2880 cupiditate
894 2801 944 2862 vel
973 2799 1102 2860 libidine
1130 2799 1151 2858 i.
1168 2819 1193 2858 e.
1225 2799 1268 2858 eis

238 2901 516 2978 perturbationibus
550 2910 727 2977 commotos,
763 2923 839 2983 quae
870 2904 908 2961 ad
939 2904 1074 2961 futurum
1107 2901 1266 2978 tempus²)

238 3009 384 3081 spectant.
428 3007 465 3063 In
481 3006 677 3086 sequentibus
700 3011 799 3066 autem
823 3005 839 3083 S
861 3010 900 3064 28
925 3004 962 3078 ei,
986 3004 1038 3084 qui
1061 3003 1266 3063 defensionem

239 3107 486 3183 praetermittunt
508 3109 701 3189 officiumque
724 3111 875 3182 deserunt,
906 3113 958 3168 aut
987 3107 1077 3180 nolle,
1109 3106 1130 3166 i.
1148 3127 1173 3167 e.
1197 3125 1267 3166 oon·

313 3350 337 3407 1)
356 3347 461 3395 Omnino
480 3347 506 3393 in
527 3347 671 3407 prohoemio
689 3348 747 3396 libri
765 3349 778 3394 I
801 3363 853 3408 rep.
871 3348 958 3396 Cicero
982 3347 1129 3394 sententiam
1146 3347 1187 3392 oti.
1205 3346 1217 3391 1
1236 3347 1267 3390 19

243 3431 366 3490 prolatam
393 3433 471 3481 fusius
498 3433 612 3492 exponit,
639 3433 682 3480 ubi
709 3433 783 3480 etium
810 3432 838 3481 C.
862 3432 984 3492 Sulpicius
1010 3431 1089 3478 Galus
1115 3431 1270 3490 praedicatur

241 3516 269 3580 (ξ
289 3519 318 3564 21
339 3520 395 3580 sq).
433 3518 582 3578 Singillatim
600 3533 655 3565 cum
674 3519 766 3579 verbis,
784 3533 847 3578 quae
865 3522 923 3565 eunt
940 3519 979 3564 off.
995 3517 1007 3562 I
1025 3519 1056 3563 19
1075 3515 1197 3576 „Virtutis
1214 3515 1267 3560 laus

241 3601 321 3650 omnis
338 3602 363 3648 in
382 3603 479 3652 actione
496 3604 633 3662 consistit“‚
653 3605 793 3652 conferatur
810 3619 861 3665 rep.
880 3604 892 3649 I
912 3605 934 3650 2.
970 3601 1133 3660 Geometrlae,
1157 3601 1267 3647 dialecti-

240 3700 331 3745 corum,
355 3687 415 3735 iuris
440 3689 520 3736 civilis
546 3691 659 3750 exempla
682 3691 769 3740 aSen
786 3690 889 3750 Pompei
911 3687 1144 3735 commemoratione
1161 3687 1267 3746 pendere

241 3772 394 3821 demonstrat
411 3775 481 3821 Brut.
500 3775 515 3836 ξ
535 3777 600 3822 175:
620 3776 725 3834 „Sextus
743 3776 876 3835 Pompeius
894 3809 899 3822 .
920 3811 924 3822 .
946 3807 951 3819 .
969 3773 1207 3833 praestantissimum
1232 3771 1267 3816 in·

241 3859 339 3916 genium
358 3861 497 3907 contulerat
514 3860 546 3906 ad
564 3874 685 3908 summam
702 3860 784 3906 iuris
804 3860 920 3907 civilis
945 3865 969 3906 et
987 3860 1018 3905 ad
1036 3857 1170 3919 perfectam
1189 3871 1266 3916 geo·

241 3945 374 3992 metriae
393 3952 417 3992 et
435 3959 543 3993 rerum
561 3945 745 3994 stoicarum
763 3945 899 3995 scientiam.

310 4033 336 4093 a>
355 4031 428 4080 ruse.
445 4029 481 4078 iv
502 4034 542 4092 11,
556 4034 595 4080 ιι.
