3082 4712
675 281 867 346 „4-

261 463 440 536 Aegyptum,
464 457 589 536 Syriam,
610 457 721 530 Asiam,
744 453 896 515 Graeciam
916 453 999 527 obiit,
1020 456 1055 512 ut
1068 452 1192 524 videret,
1216 471 1288 530 quo-

261 562 347 619 modo
370 562 551 636 praedonum
575 558 788 619 maritimorum
810 557 863 615 illa
884 555 977 633 pestis
1002 555 1123 631 reprimi
1149 553 1290 631 posset1).

262 665 323 721 lam
346 663 439 736 vides,
462 662 570 743 quibus
592 660 730 720 remediis
750 680 823 735 opus
847 679 910 718 esse
933 657 1017 735 ille²)
1040 651 1206 734 putaverit:
1228 677 1291 714 rem

263 764 398 824 navalem
422 768 619 826 Romanorum
640 763 690 820 diu
712 762 875 837 neglectam
898 761 929 820 in
953 761 1059 818 melius
1080 760 1292 818 restituendam

262 874 294 927 et
323 887 371 926 eas
394 885 476 936 oras,
507 885 582 944 quae
607 865 734 923 maxime
759 883 777 923 a
806 863 1005 940 praedonibus
1034 867 1215 935 tenerentur,
1246 880 1291 920 oa-

262 970 356 1029 stellis
373 969 548 1028 muniendas
566 968 671 1042 esse³),
694 967 771 1028 siout
791 966 1006 1043 posterioribus
1027 963 1211 1041 temporibus
1232 965 1292 1023 fac-

263 1077 326 1132 tum
349 1077 403 1131 est.

348 1177 506 1234 Praeterea
528 1175 564 1232 de
587 1173 733 1234 divisione
757 1165 855 1249 operis
877 1169 1050 1230 Panaetiani
1073 1189 1167 1246 pauca
1189 1169 1292 1228 dicam.

264 1278 366 1337 Cicero
388 1276 482 1351 igitur
510 1295 554 1349 ea,
584 1294 660 1355 quae
683 1275 844 1334 Panaetius
873 1275 969 1332 tribas
997 1273 1081 1331 libris
1107 1279 1293 1348 exposuerat,

267 1381 380 1439 duobus
396 1377 533 1439 absolvit.
576 1376 743 1450 Quaeritur,
767 1394 844 1455 quae
865 1374 1007 1434 librorum
1023 1375 1175 1434 Ciceronis
1196 1383 1295 1450 partes

266 1481 392 1556 singulis
407 1479 598 1539 Panaetianis
613 1479 697 1538 libris
715 1479 923 1553 respondeant.
959 1478 1033 1536 Idam
1053 1478 1145 1552 igitur
1161 1476 1295 1536 Panaetii

270 1584 445 1645 divisionem
468 1583 559 1639 fuisse
591 1600 644 1657 per
674 1601 705 1640 se
734 1581 798 1640 veri
829 1588 874 1639 est
904 1579 1095 1653 simillimum,
1127 1586 1161 1638 ut
1189 1579 1294 1652 officia,

270 1706 345 1766 quae
368 1705 407 1743 ex
430 1686 543 1742 duabus
564 1684 713 1760 prioribus
735 1684 897 1744 virtutibus
922 1684 1060 1755 fluerent,
1089 1683 1165 1741 libro
1188 1683 1205 1740 I
1227 1679 1295 1756 περὶ

265 1789 321 1846 τοῦ
343 1780 541 1863 καθήκοντος,
571 1806 613 1862 ea,
644 1807 721 1868 quae
743 1806 782 1845 ex
805 1788 918 1846 duabus
940 1787 1155 1864 posterioribus
1177 1805 1296 1845 oreren-

266 1897 324 1964 tur,
350 1891 427 1949 libro
450 1891 483 1948 II
505 1896 654 1964 tractaret,
685 1892 720 1948 de
743 1889 873 1949 utilitate
895 1896 992 1949 autem
1015 1890 1092 1948 libro
1114 1890 1165 1947 ΠΙ
1187 1896 1296 1964 ageret,

266 1995 310 2053 ita
332 1998 366 2051 ut
386 1993 463 2051 liber
478 1994 494 2050 I
508 1992 658 2051 Ciceronis
680 1992 765 2051 libris
787 1993 804 2050 Ι
827 1996 858 2052 et
879 1994 912 2051 II
933 1992 1079 2065 Panaetii,
1101 1991 1178 2049 liber
1200 1992 1232 2048 II
1249 1992 1296 2049 Oi-

267 2096 383 2155 eeronis
405 2096 481 2154 libro
504 2095 555 2153 III
576 2095 711 2154 Panaetii
742 2096 945 2172 responderet.
989 2095 1072 2153 Haeo
1103 2094 1203 2170 opinio
1228 2113 1296 2152 con-

267 2199 400 2256 firmatur
421 2197 473 2255 illo
489 2197 655 2272 fragmento
677 2198 819 2256 librorum
839 2193 907 2276 περὶ
927 2197 981 2256 τοῦ
996 2189 1194 2272 καθήκοντος,
1218 2197 1295 2276 quod

268 2301 344 2376 apud
369 2299 497 2358 Gellium
529 2300 565 2360 N.
586 2303 624 2361 A.
647 2301 731 2359 XIII
762 2301 843 2375 28⁴)
875 2309 1023 2359 servatum
1054 2307 1112 2370 est;
1144 2300 1196 2357 ubi
1226 2301 1298 2357 haee

268 2409 355 2463 sunt:
387 2403 578 2478 „Legebatur
599 2403 734 2462 Panaetii
757 2403 929 2480 philosophi
955 2401 1031 2461 liber
1053 2403 1088 2460 de
1112 2402 1218 2461 officiis
1241 2419 1298 2460 se-

269 2507 423 2565 cundus
454 2525 493 2562 ex
523 2506 618 2564 tribus
648 2507 708 2564 illis
736 2506 848 2566 inolitis
877 2505 975 2578 libris,
1009 2524 1084 2585 quos
1114 2506 1155 2562 M.
1186 2504 1299 2562 Tullius

270 2626 376 2680 magno
409 2626 474 2666 oum
505 2608 602 2666 studio
633 2608 823 2686 maximoque
849 2627 938 2683 opere
965 2607 1128 2666 aemulatus
1152 2613 1205 2666 est.
1249 2607 1296 2664 Ibi

271 2710 495 2784 scriptumest,
527 2727 592 2767 cum
616 2709 708 2768 multa
730 2709 788 2767 alia
810 2711 846 2768 ad
876 2712 983 2769 bonam
1013 2709 1129 2784 frugem
1153 2709 1296 2780 ducentia,

271 2819 334 2870 tum
357 2811 406 2870 vel
431 2811 570 2884 maxime,
602 2812 680 2891 quod
713 2831 777 2871 esse
807 2813 990 2890 haerereque
1019 2811 1050 2868 in
1081 2813 1179 2870 animo
1203 2813 1298 2870 debet.

270 2915 305 2972 Id
328 2917 426 2971 autem
449 2918 495 2970 est
516 2914 552 2971 ad
568 2913 722 2972 hanelare
740 2914 933 2973 sententiam:
957 2913 1074 2987 „Vita“,
1097 2915 1205 2993 inquit,
1227 2915 1298 2987 „ho-

271 3016 393 3087 minum,
416 3015 466 3094 qui
490 3020 615 3074 aetatem
638 3017 669 3074 in
692 3016 789 3075 medio
811 3037 909 3075 rerum
932 3024 1026 3090 agunt
1046 3035 1080 3076 ao
1098 3016 1154 3076 sibi
1179 3017 1297 3094 suisque

272 3137 336 3176 esse
359 3117 424 3176 usui
442 3117 557 3194 volunt,
579 3119 700 3194 negotia
722 3119 912 3198 periculaque
935 3140 974 3178 ex
995 3119 1157 3196 improviso
1178 3117 1300 3177 adsidua

273 3225 303 3278 et
323 3238 416 3294 prope
439 3219 588 3278 cotidiana
608 3221 676 3280 fert.
721 3222 767 3279 Ad
797 3242 832 3280 ea
860 3224 992 3281 cavenda
1014 3229 1104 3300 atque
1127 3221 1301 3282 declinanda

276 3321 400 3398 perinde
422 3339 487 3380 esse
510 3329 628 3398 oportet
649 3323 747 3382 animo
769 3329 906 3402 prompto
929 3344 1046 3401 semper
1067 3331 1157 3405 atque
1179 3329 1302 3398 attento,

348 3523 372 3591 1)
390 3525 443 3574 cio.
461 3540 511 3586 rep.
531 3525 567 3572 VI
586 3531 626 3576 11.
644 3529 714 3575 acad.
732 3529 758 3574 11
777 3530 800 3577 ὅ.
836 3529 973 3576 Mommsen
991 3529 1015 3576 11
1032 3543 1056 3589 p.
1077 3532 1117 3577 64.

345 3612 371 3674 2)
388 3613 453 3658 Nam
472 3611 606 3672 Scipionis,
633 3614 674 3673 qui
692 3628 811 3674 persaepe
836 3629 891 3662 oum
909 3614 1027 3662 Panaetio
1048 3628 1131 3662 eoram
1149 3614 1254 3675 Polybio
1272 3615 1304 3660 de

274 3711 301 3744 re
319 3695 420 3755 publiea
439 3696 559 3744 disserere
577 3698 675 3746 solebat
692 3698 753 3759 (Cic.
773 3714 824 3760 rep.
844 3700 856 3746 I
875 3698 926 3763 ³4),
945 3700 992 3747 hoo
1009 3699 1125 3746 iudicium
1144 3714 1197 3747 esse
1216 3713 1304 3759 perse

275 3787 385 3842 apparet.

346 3862 372 3932 8)
390 3868 454 3913 Nam
472 3866 520 3912 huo
537 3871 648 3926 spectare
665 3868 781 3917 videntur
798 3869 862 3917 mari
879 3889 914 3912 =
931 3866 1002 3936 τείχη
1020 3889 1055 3911 =
1073 3871 1180 3918 castella.

344 3949 371 4015 4)
389 3952 486 4000 Fowler
502 3966 526 4012 p.
547 3953 587 4001 33.
