3082 4712
677 379 716 390 ..
765 341 806 410 10
849 377 891 390 -

416 514 475 574 off.
497 517 515 574 1
537 535 562 576 c.
586 518 615 574 4.
870 516 937 577 Fin.
960 517 994 576 11
1017 515 1053 595 §S
1078 515 1214 578 45-47.

263 636 356 695 oculis
393 644 578 709 cerneretur,
617 638 765 698 mirabiles
791 636 873 716 [nin.
891 640 996 698 11⁶2:
1019 639 1226 714 „Ooulorum“‚
1249 641 1295 699 in·

262 741 403 811 amores“‚
426 745 461 798 ut
483 741 525 798 ait
548 740 642 812 Plato,
665 741 764 813 „exci·
792 741 858 821 quit
872 741 968 816 Plato,
990 747 1056 816 „est
1076 743 1108 800 in
1127 743 1213 802 nobis
1228 761 1295 801 sen·

262 845 339 900 taret
360 842 553 917 sapientiaa“.
792 863 841 901 sus
857 842 1026 917 acerrimus,
1049 845 1158 924 quibus
1178 846 1294 922 sapien·

790 944 862 1005 tiam
874 963 935 1002 non
948 946 1104 1006 cernimus.
1135 946 1228 1012 Quam
1242 947 1295 1007 illa

790 1049 921 1108 ardentis
929 1067 1044 1108 amores
1052 1049 1198 1108 excitaret
1206 1049 1292 1128 suil‘]

349 1237 427 1311 Ergo
451 1255 489 1293 ex
511 1236 647 1294 Panaetii
668 1235 744 1294 libro
770 1256 843 1295 non·
859 1236 950 1296 fluxit
978 1238 1053 1296 haec
1075 1237 1221 1297 virtutum
1244 1239 1293 1296 de·

264 1340 394 1417 scriptio.
440 1338 520 1402 Quin
543 1340 633 1399 etiam
656 1360 673 1398 a
695 1335 836 1400 Cicerone
866 1340 982 1399 libroI
1011 1342 1046 1399 de
1077 1341 1127 1400 off.
1150 1347 1213 1400 tum
1245 1343 1293 1400 de-

264 1464 342 1501 mum
372 1443 484 1502 inserta
514 1447 568 1516 est,
599 1461 665 1500 cum
697 1442 773 1501 liber
803 1443 867 1518 ipse
899 1443 958 1502 iam
989 1443 1174 1520 conscriptus
1207 1450 1294 1504 esset.

263 1547 338 1605 Nam
369 1545 529 1605 nonnullae
559 1545 733 1617 sententiae,
766 1564 841 1625 quae
871 1547 920 1604 off.
947 1548 963 1604 Ι
994 1566 1018 1606 c.
1042 1550 1062 1604 4
1091 1546 1293 1620 inveniuntur,

264 1669 329 1708 cum
352 1649 384 1706 in
406 1648 483 1707 libro
507 1649 542 1706 de
565 1647 615 1708 fin.
639 1647 746 1721 desint,
775 1668 814 1704 ex
844 1648 980 1726 sequenti
1002 1653 1086 1725 parte
1108 1648 1202 1724 ipsius
1224 1650 1293 1713 libri

264 1755 300 1810 de
316 1753 366 1812 off.
382 1751 545 1810 fluxerunt.
583 1749 668 1813 Quod
686 1751 764 1809 enim
780 1751 830 1809 off.
847 1753 863 1808 Ι
879 1749 895 1828 ξ
914 1755 960 1810 12.
979 1756 1016 1810 13
1041 1752 1067 1810 ei
1091 1751 1135 1810 rei
1157 1771 1292 1826 magnam

262 1855 323 1914 vim
354 1853 491 1913 attribuit
512 1853 624 1925 (licere,
655 1858 688 1912 ut
717 1872 752 1911 ea
779 1861 930 1928 parantur,
961 1873 1037 1933 quae
1066 1855 1216 1914 advitam
1240 1855 1289 1912 de-

263 1957 388 2032 gendam
412 1955 577 2014 necessaria
600 1959 678 2027 sunt,
700 1955 751 2013 cfr.
776 1953 792 2032 ᾖ
819 1955 871 2014 17:
895 1955 1051 2034 „Reliquis
1074 1961 1172 2014 autem
1195 1956 1290 2015 tribus

262 2059 424 2119 virtutibus
446 2058 637 2117 necessitates
661 2057 829 2132 propositae
852 2064 922 2118 sunt
944 2059 980 2116 ad
1002 2077 1052 2117 eas
1078 2077 1125 2116 res
1148 2060 1293 2134 parandas

263 2162 456 2240 tuendasque,
479 2159 587 2238 quibus
602 2160 678 2220 actio
694 2159 774 2218 vitae
789 2159 979 2220 continetur“
995 2180 1060 2240 sqq.
1083 2192 1124 2202 —
1147 2160 1204 2219 off.
1221 2163 1236 2218 Ι
1254 2164 1291 2219 la

264 2263 371 2323 tertiae
393 2261 514 2324 virtutis
536 2261 600 2319 loco
624 2261 858 2350 magnitudinem
881 2262 970 2322 animi
994 2261 1137 2334 nominat,
1161 2264 1239 2340 quod
1263 2263 1293 2320 in

265 2365 458 2447 sequentibus
489 2362 505 2442 ᾖ
531 2367 568 2422 61
599 2383 663 2444 sqq.
694 2370 810 2424 tantum
841 2365 1074 2439 magnitudinem
1105 2364 1204 2437 animi,
1236 2384 1295 2423 non

264 2469 358 2545 ipsam
380 2467 584 2528 fortitudinem
607 2466 758 2544 tractat).
788 2500 830 2510 -
860 2467 971 2526 Eodem
1001 2465 1066 2526 loco
1093 2466 1174 2525 addit
1195 2468 1298 2541 verba,

265 2589 341 2652 quae
363 2576 433 2630 sunt
453 2569 531 2642 „nisi
553 2569 748 2646 praecipienti
768 2574 820 2628 aut
834 2569 959 2628 docenti
974 2574 1026 2628 aut
1048 2567 1186 2627 utilitatis
1208 2585 1295 2626 causa

264 2674 342 2732 iuste
364 2679 395 2731 et
415 2671 548 2746 legitime
570 2672 757 2748 imperanti“.
800 2671 882 2730 Haec
904 2671 1041 2748 exceptio
1063 2671 1133 2728 inde
1156 2676 1220 2729 orta
1243 2675 1295 2743 est,
1406 2689 1423 2718 ι

266 2776 345 2855 quod
361 2773 377 2854 §
395 2779 435 2833 64
452 2775 586 2855 queritur
605 2776 636 2834 in
653 2774 856 2849 magnitudine
872 2774 961 2832 animi
977 2774 1118 2833 facillime
1140 2773 1296 2830 nimiam

265 2879 457 2954 cupiditatem
479 2879 662 2955 principatus
684 2877 814 2951 innasci,
846 2898 885 2936 ex
910 2897 969 2956 quo
1000 2877 1092 2950 effici,
1122 2882 1156 2935 ut
1180 2876 1205 2934 ei
1228 2874 1296 2950 ipsi,

267 2983 318 3061 qui
341 2981 393 3039 illa
407 2982 518 3041 virtute
534 2981 662 3040 maxime
678 2980 834 3053 excellant,
858 3000 975 3060 „neque
998 2978 1214 3055 disceptati
1225 2994 1296 3036 one

264 3085 346 3145 vinci
362 3083 539 3144 senecullo
555 3083 721 3160 publico
745 3101 787 3141 ac
810 3082 994 3156 legitimo
1017 3081 1311 3159 inrepatiantuffl.

267 3220 309 3230 -
332 3188 367 3244 In
390 3186 589 3262 descriptione
612 3190 735 3264 quartae
757 3184 879 3246 virtutis
909 3186 959 3244 off.
982 3187 998 3244 I
1032 3187 1069 3244 14
1093 3183 1191 3242 decori
1213 3181 1295 3241 notio

267 3289 397 3362 additur,
426 3289 504 3369 quod
532 3287 565 3345 in
595 3286 795 3364 explicatione
823 3287 912 3346 huius
933 3287 1053 3348 virtutis
1076 3284 1092 3366 ἓ
1117 3290 1156 3346 93
1179 3303 1244 3364 sqq.
1268 3283 1295 3342 ei

265 3393 347 3452 illam
369 3391 521 3452 notionem
544 3387 742 3468 substituit2).

336 3661 361 3729 1)
379 3663 462 3710 Etiam
480 3677 509 3712 ea
526 3663 677 3722 coniunctio,
700 3675 774 3721 quam
793 3662 808 3724 ξ
829 3665 859 3709 12
878 3676 917 3708 ex.
936 3661 1000 3708 iuter
1020 3660 1139 3710 iustitiam
1157 3665 1182 3708 et
1201 3661 1295 3720 magni·

266 3751 377 3798 tudinem
390 3748 465 3796 animi
477 3762 531 3796 essa
543 3749 636 3806 statuit,
655 3761 684 3794 eo
696 3747 837 3794 revocanda
849 3761 903 3795 essa
915 3747 1023 3809 videtur,
1041 3749 1107 3807 quod
1120 3749 1135 3810 ᾗ
1149 3750 1179 3794 17
1195 3747 1295 3793 eaedem

266 3837 370 3884 virtutes
388 3836 473 3883 eodem
490 3834 591 3882 vinculo
608 3833 766 3894 colligantur.

336 3939 362 4002 2)
381 3939 411 3986 V.
430 3939 495 3985 infra
512 3953 536 3998 p.
555 3941 588 3986 at
606 3952 659 3998 sqq.
679 3963 711 3971 -
732 3937 761 3984 In
779 3936 866 3996 primis
884 3936 1035 3984 conferenda
1052 3941 1089 3984 ast
1107 3937 1122 3998 §
1143 3938 1205 3985 12⁶:
1229 3934 1294 3994 „Sed

268 4024 383 4091 quoniam
401 4025 518 4078 decorum
535 4024 596 4076 illud
613 4023 639 4070 in
657 4023 771 4075 omnibus
790 4023 870 4089 tactis,
892 4023 994 4087 dictis„
1015 4055 1021 4073 .
1039 4057 1045 4068 .
1067 4059 1073 4072 .
1092 4022 1226 4076 cernitur⁴‘,
