3082 4712
647 387 860 455 -19„

234 563 360 637 noticiis,
383 564 521 623 Panaetii
545 563 696 624 sententia
719 570 800 625 certe
822 565 1061 642 deprehenditur
1082 568 1097 640 ξ
1120 571 1170 638 49,
1199 587 1265 626 cum

234 689 269 727 ea
294 666 457 740 beneficia,
490 687 566 746 quae
589 666 716 741 iudicio,
748 667 935 728 considerate
962 674 1193 748 constanterque
1216 670 1267 729 de-

234 771 294 828 lata
317 769 388 843 sint,
420 769 517 846 pluris
540 770 725 829 aestimanda
748 791 812 830 esse
835 770 975 830 dicantur
997 791 1087 852 quam
1111 791 1160 844 ea,
1189 791 1266 851 quae

235 872 303 950 quis
327 872 498 931 temeritate
521 874 648 950 quadam
673 872 738 932 sine
759 871 873 932 iudicio
896 873 946 932 vel
975 877 1079 934 morbo
1108 873 1141 932 in
1163 893 1266 932 omnes

232 975 286 1032 vel
308 973 469 1052 repentino
492 975 578 1054 quasi
594 979 687 1035 vento
703 973 820 1050 impetu
835 976 928 1035 animi
950 975 1093 1035 incitatus
1113 975 1265 1034 tribuerit.

233 1078 311 1135 Nam
326 1078 490 1154 respondet
505 1076 673 1136 sententiae
688 1079 704 1152 ξ
720 1077 758 1137 27
776 1079 954 1157 prolatael).
1000 1076 1088 1140 Quod
1101 1097 1175 1138 vero
1193 1079 1208 1151 ξ
1224 1082 1264 1134 48

234 1178 267 1236 id
289 1199 383 1252 genus
406 1177 609 1252 liberalitatis,
633 1181 713 1258 quod
732 1181 829 1240 dando
852 1179 999 1240 beneficio
1022 1181 1204 1253 continetur,
1227 1178 1264 1253 ei,

235 1283 315 1360 quod
337 1282 489 1344 reddendo
514 1285 639 1355 constat,
662 1282 747 1360 quasi
770 1282 935 1360 postponit,
960 1284 1019 1342 hoc
1041 1282 1178 1341 Panaetii
1201 1284 1265 1358 pla·

236 1382 304 1442 citis
327 1403 450 1461 prorsus
472 1388 638 1460 repugnat,
670 1384 722 1463 qui
744 1384 842 1463 primo
868 1387 934 1446 loco
966 1390 1047 1445 certe
1078 1405 1138 1443 non
1169 1386 1265 1444 solum

234 1485 333 1558 seriei,
357 1487 409 1546 sed
432 1485 522 1546 etiam
545 1485 705 1560 dignitatis
727 1487 830 1565 posuit
848 1488 990 1572 'virtutes
1020 1488 1115 1546 altero
1139 1483 1264 1549 benive-

232 1588 371 1660 lentiam,
405 1588 651 1648 tertiodemum
686 1588 882 1664 beneficia2).
933 1591 1027 1650 Porro
1060 1593 1263 1666 praeceptum,

233 1691 314 1768 quod
336 1694 351 1764 ξ
374 1696 413 1749 49
438 1711 485 1751 ex.
509 1693 615 1776 datur,
643 1696 679 1750 ut
705 1691 733 1750 ei
763 1690 953 1768 potissimum
984 1690 1180 1767 opitulemur,
1211 1692 1263 1772 qui

232 1792 364 1851 maxime
387 1793 452 1870 opis
475 1793 618 1869 indigeat,
642 1793 764 1853 omniuo
787 1814 847 1852 nou
870 1793 960 1852 huius
982 1793 1041 1852 loci
1064 1792 1153 1870 0⁸2³).

321 1896 383 1953 Iam
405 1899 421 1970 ᾗ
445 1901 482 1955 50
507 1917 572 1976 sqq.
596 1892 699 1956 Cicero
723 1895 863 1973 exponit,
896 1915 955 1974 qua
980 1895 1150 1955 rationein
1172 1900 1263 1957 bene·

233 1995 356 2055 licentia
377 1999 572 2058 communitas
594 2020 629 2059 ac
651 1999 779 2059 societas
801 1999 883 2058 vitae
905 1998 1095 2074 respicienda
1119 1999 1173 2070 sit3
1195 2001 1264 2061 vult

232 2107 342 2170 autem,
371 2101 556 2181 utquisque
580 2101 842 2161 coniunctissimus
865 2102 913 2174 sit,
944 2101 988 2160 ita
1017 2101 1049 2160 in
1082 2122 1148 2161 eum
1178 2103 1263 2162 beni-

231 2201 357 2276 gnitatis
388 2203 557 2281 plurimum.
584 2203 713 2263 conferri
726 2203 765 2282 ⁴).
820 2205 878 2263 sed
908 2204 1142 2283 explicationem
1171 2204 1263 2264 huius

231 2305 400 2365 sententiae
424 2327 462 2364 ex
484 2306 614 2367 diversis
637 2305 774 2385 partibus
797 2309 875 2366 male
899 2306 1132 2382 conglutinavit.
1185 2309 1261 2366 Nam

231 2428 296 2466 cum
320 2409 525 2487 explicaturus
548 2409 596 2482 ait,
628 2429 703 2489 quae
726 2415 852 2469 naturae
875 2409 1025 2487 principia
1047 2410 1110 2470 siut
1131 2430 1261 2469 commu·

230 2509 336 2568 nitatis
359 2517 389 2570 et
412 2510 564 2570 societatis
586 2514 743 2584 humanae,
766 2511 897 2588 primum
917 2532 981 2572 esse
997 2511 1080 2582 dicit,
1103 2512 1183 2591 quod
1199 2531 1262 2570 cer·

230 2620 321 2671 natur
342 2613 374 2671 in
398 2613 535 2674 universi
557 2613 676 2688 generis
698 2615 824 2673 humani
840 2615 992 2674 societate.
1038 2616 1123 2674 Hanc
1145 2622 1261 2692 partem

230 2715 383 2774 concludit
414 2714 519 2793 primis
549 2715 651 2777 verbis
682 2718 865 2796 paragraphi
898 2722 946 2777 51.
1003 2716 1108 2793 Pergit
1140 2719 1260 2778 demum
1341 2771 1345 2780 .

231 2817 304 2894 §53
329 2837 376 2878 ex.
392 2818 504 2892 verbis,
527 2838 603 2897 quae
627 2826 698 2879 suut
719 2819 843 2892 „Artior
864 2840 938 2881 vero
955 2819 1128 2894 colligati0“
1151 2821 1260 2901 sqq.⁵).

300 3034 324 3099 t)
343 3039 444 3086 morbus
461 3060 495 3080 =
513 3036 596 3097 πάθος
618 3061 653 3082 --
677 3040 828 3100 perturbatio
850 3041 933 3089 animi.
971 3042 1043 3088 Tusc.
1062 3041 1101 3086 ΙΙΙ
1121 3042 1143 3086 7.
1161 3041 1198 3086 IV
1218 3043 1258 3090 10.

299 3126 325 3182 2)
344 3124 446 3172 Hesiodi
464 3126 532 3173 illam
550 3127 697 3174 sententiam
715 3126 813 3186 attingit
830 3124 917 3174 Cicero
936 3126 1011 3172 etiam
1028 3127 1097 3173 Brut.
1118 3126 1157 3174 lb.

299 3209 325 3273 3)
342 3209 393 3258 cfr.
413 3211 427 3270 ξ
446 3213 478 3260 69
498 3211 533 3262 in.

299 3293 324 3356 l)
342 3295 393 3342 Cir.
412 3297 427 3357 5
447 3299 479 3344 44
497 3297 531 3343 in.

300 3377 324 3440 ⁵)
342 3380 404 3428 Cum
422 3387 475 3428 tota
493 3382 539 3429 hac
556 3383 721 3443 explicatione
739 3383 782 3430 cfr.
796 3398 846 3443 rep.
869 3385 880 3429 I
899 3384 940 3430 38.
960 3383 1000 3428 fin.
1015 3383 1038 3426 V
1056 3385 1097 3440 65,
1116 3383 1146 3429 de
1163 3383 1258 3430 ratione

230 3467 254 3510 et
272 3467 381 3513 oratione
399 3467 500 3514 vinculo
518 3468 639 3515 hnmanae
657 3469 782 3515 societatis
800 3468 840 3514 off.
855 3467 868 3512 I
885 3469 924 3514 12.
944 3468 1095 3534 legg.l.2J1.
1114 3481 1157 3526 rep
1179 3468 1255 3515 1113.

230 3550 301 3597 Tusa.
320 3551 356 3597 1v
375 3554 416 3610 60,
440 3553 471 3603 de
489 3553 580 3600 virtute
598 3553 705 3600 terarum
724 3553 765 3600 lin.
784 3553 807 3598 V
824 3553 864 3599 38.
884 3553 948 3612 legg.
968 3553 1040 3610 14⁶,
1059 3566 1114 3598 curn
1132 3552 1147 3612 ξ
1165 3555 1197 3599 el
1215 3552 1257 3599 fin.

228 3637 266 3682 lV
288 3638 316 3683 17
336 3642 409 3697 atque
428 3638 502 3684 etiarn
520 3638 592 3685 Tuae.
611 3639 633 3683 V
653 3640 675 3686 ὅ.
701 3664 734 3673 -
759 3637 823 3686 Sane
846 3637 1007 3684 haecomnia
1030 3652 1059 3684 ex
1082 3651 1170 3697 graeco
1191 3638 1258 3685 tonte

226 3722 267 3768 vel
286 3735 316 3768 ex
334 3723 430 3781 graecis
448 3723 558 3770 sontibus
575 3725 713 3786 fluxerunt3
736 3725 781 3770 cfr.
799 3738 854 3770 eum
879 3724 894 3785 ᾗ
913 3724 944 3770 dl
964 3722 1031 3770 Stob.
1051 3724 1094 3769 ecl.
1113 3724 1138 3769 II
1155 3737 1179 3782 p.
1201 3726 1257 3782 148,
1302 3731 1304 3736 '

227 3809 242 3854 5
262 3807 301 3853 W.
319 3808 382 3854 Plat.
399 3809 464 3867 legg.
483 3807 518 3853 Vl
537 3809 610 3855 lida
635 3808 728 3872 (Heinii
745 3806 823 3869 adn).
865 3807 926 3854 Cum
945 3807 1095 3868 paragraphi
1113 3809 1145 3856 bd
1169 3809 1257 3856 ultimo

228 3893 355 3939 enuntiate
373 3893 417 3940 cfr.
438 3893 507 3940 Stob.
526 3895 573 3940 ecl.
590 3895 615 3940 Il
633 3896 674 3951 tl,
694 3894 766 3940 9W:
788 3888 920 3956 συγγενικὴ
939 3889 1018 3956 φιλία.
1054 3894 1122 3940 Lael.
1140 3895 1256 3955 519.—

228 3977 343 4026 Ceterum
359 3977 404 4024 illa
428 3984 548 4037 „naturae
566 3978 688 4038 principia
705 3978 828 4026 societatis
847 3978 995 4035 humanae“,
1020 3993 1083 4038 quae
1101 3980 1171 4039 sequi
1188 3980 1257 4027 iubet

229 4063 323 4126 Cicero,
342 4065 498 4112 consentiunt
515 4079 571 4112 cnm
589 4065 604 4126 ξ
623 4067 653 4112 12
671 4069 745 4124 atque
762 4064 837 4112 etiam
854 4065 934 4123 magis
952 4079 1007 4111 cam
1024 4064 1066 4111 lin.
1083 4065 1108 4112 Il
1125 4067 1166 4113 45.

1048 4165 1081 4216 2*
