3082 4712
738 388 929 454 „2-

316 569 346 623 et
368 563 493 622 tortasse
521 563 564 622 eis
593 562 758 636 sententiis,
791 582 866 644 quae
895 582 933 622 ex
963 562 1077 622 romani
1106 563 1224 638 ingenii
1250 563 1350 624 indole

317 665 441 725 fluxisse
462 666 644 725 viderentur.
694 665 750 724 Sed
781 665 897 725 etiamsi
919 665 1054 724 Ciceroni
1077 665 1187 724 dicenti
1218 686 1249 725 sc
1272 667 1350 724 Pan-

315 769 425 827 aetium
448 788 508 826 uon
535 767 762 844 interpretatum
786 787 864 841 esse,
894 768 944 826 sed
968 768 1179 827 correctionem
1203 770 1349 848 quandam

315 870 526 947 adhibuisse1)
549 871 637 928 fidem
659 891 719 929 non
743 872 885 929 habemus
907 874 938 930 et
958 870 1003 941 id,
1035 871 1114 949 quod
1145 870 1218 929 satis
1248 871 1350 930 multis

316 971 391 1031 locis
422 993 481 1031 non
514 971 611 1049 ipsum
642 973 831 1045 Panaetium,
864 973 915 1032 sed
944 973 1083 1033 universe
1113 973 1226 1032 Stoicos
1257 973 1349 1032 fontis

207 1089 210 1096 ’
315 1073 380 1133 loco
400 1075 543 1147 nominat,
566 1095 626 1133 non
648 1075 773 1134 multum
795 1075 894 1135 valere
917 1075 1120 1135 concedimus:
1144 1095 1231 1134 nemo
1252 1076 1349 1134 adbuc

316 1178 497 1251 argumentis
513 1177 727 1237 demonstravit
747 1177 778 1234 in
795 1178 837 1237 eis
859 1178 944 1236 libris
960 1177 1181 1254 componendis,
1205 1177 1255 1256 qui
1280 1183 1350 1236 sunt

316 1280 353 1338 de
374 1280 563 1355 philosophia
585 1280 704 1353 morali,
736 1299 800 1338 eam
829 1281 921 1339 fuisse
945 1280 1095 1338 Ciceronis
1124 1279 1285 1352 rationem,
1316 1284 1350 1338 ut

317 1382 427 1440 fontem
455 1384 658 1442 tantummodo
682 1384 872 1444 describeret.
916 1384 999 1442 Haeo
1022 1383 1123 1457 opinio
1145 1382 1291 1458 imprimis
1313 1401 1348 1439 eo

308 1485 430 1557 nititur,
454 1487 533 1564 quod
552 1485 655 1544 Cicero
677 1491 799 1560 putatur
822 1486 942 1544 omnino
965 1506 1026 1544 non
1049 1485 1267 1561 philosophiam
1291 1484 1348 1544 oal-

316 1587 388 1646 lere.
433 1588 490 1646 Sed
509 1607 691 1667 *quamquam
715 1609 774 1647 uon
798 1595 861 1648 erat
883 1587 1088 1665 philosophus,
1117 1593 1216 1647 temen
1239 1587 1349 1645 medio-

316 1709 393 1747 crem
418 1690 537 1768 qnidem
560 1690 696 1749 notitiam
719 1692 849 1750 habebat
870 1689 1127 1768 philosophiae²)‚
1158 1690 1296 1770 quoniam
1320 1695 1351 1748 et
1375 1741 1377 1744 .

317 1792 426 1851 scholis
459 1798 684 1869 praeceptorum
717 1794 844 1852 affuerat
876 1800 907 1853 et
938 1793 1030 1852 libros
1062 1794 1098 1851 ad
1131 1792 1348 1868 philosophiam

318 1895 504 1970 pertinentes
533 1913 604 1954 saue
633 1916 693 1955 nou
716 1916 826 1972 paucos
847 1896 969 1971 legerat.
1015 1893 1096 1957 Quin
1128 1895 1216 1953 etiam
1246 1895 1349 1954 existi-

307 2009 397 2055 mare
418 1999 492 2057 licet
513 2018 589 2071 eum,
618 2018 676 2076 quo
700 2003 765 2057 erat
785 2018 885 2057 amore
909 1997 1066 2070 scribendi,
1096 1997 1276 2057 collectanea
1297 2000 1349 2056 ha·

316 2099 425 2173 buisse,
449 2101 558 2180 quibus
581 2120 624 2173 ea,
644 2121 720 2180 quae
743 2101 818 2160 scitu
842 2101 931 2176 digna
949 2100 1129 2172 viderentur,
1154 2099 1347 2177 mandaret³).

317 2204 409 2261 Porro
429 2202 494 2262 veri
517 2203 613 2261 simile
628 2206 674 2262 est
688 2203 859 2262 Ciceronem
883 2222 934 2262 eos
955 2202 1057 2275 libros,
1081 2203 1189 2281 quibus
1211 2208 1297 2260 antes
1313 2204 1349 2259 de

316 2305 404 2362 simili
421 2306 546 2384 quadam
568 2324 600 2364 re
616 2306 735 2380 egisset,
757 2305 788 2363 iu
812 2305 931 2381 scriptis
954 2306 1116 2364 acrioribus
1139 2305 1348 2380 componendis

315 2408 482 2483 respexisse
490 2407 532 2485 4).
1263 2479 1265 2486 Ι

404 2507 502 2570 Quare
525 2510 550 2567 si
574 2509 624 2588 qui
648 2509 713 2568 vult
734 2527 926 2584 cognoscere,
956 2528 1033 2588 quae
1066 2509 1233 2568 sententiae
1262 2510 1349 2568 aci-

316 2631 424 2672 oerone
446 2611 478 2669 iu
500 2611 587 2669 libris
608 2612 644 2669 ad
667 2611 887 2686 philosophiam
904 2612 1108 2687 spectantibus
1130 2611 1260 2686 prolatae
1284 2611 1347 2668 eius

316 2714 453 2791 propriae
476 2714 550 2788 sint,
581 2714 643 2773 sive
675 2733 714 2771 ex
743 2712 837 2788 ipsius
866 2712 986 2788 ingenio
1016 2713 1161 2773 fluxerint
1190 2711 1252 2770 sive
1283 2711 1346 2769 eius

317 2816 423 2876 studiis
453 2815 667 2892 philosophicis
689 2797 864 2888 debeantur,
894 2816 921 2874 ei
950 2816 1077 2892 primum
1108 2821 1206 2876 cetera
1229 2815 1347 2890 scripta,

318 2918 426 2996 quibus
449 2918 485 2975 de
507 2917 617 2976 eisdem
632 2916 681 2976 vel
697 2916 842 2975 similibus
865 2919 953 2976 rebus
976 2918 1046 2992 egit,
1070 2918 1248 2977 conferenda
1270 2922 1348 2977 sunt.

318 3020 376 3078 Sed
399 3020 492 3079 multo
518 3020 637 3078 maioris
667 3021 808 3078 momenti
839 3024 869 3079 et
899 3019 1071 3096 principalis
1100 3026 1171 3079 nota
1199 3019 1348 3078 iudicandi

318 3126 372 3194 est,
396 3123 447 3201 qui
470 3122 509 3180 sit
530 3141 627 3179 nexus
642 3121 856 3181 sententiarum
872 3121 936 3180 eius
950 3123 1028 3196 libri,
1053 3123 1088 3181 de
1105 3143 1163 3202 quo
1187 3121 1348 3202 quaeritur,

317 3224 535 3284 accuratissime
559 3223 746 3299 perscrutari.

263 3403 266 3409 Ι
405 3326 465 3385 Sed
486 3325 657 3404 priusquam
681 3326 717 3382 ad
739 3325 832 3384 libros
854 3326 890 3385 de
912 3327 1017 3387 officiis
1040 3327 1209 3387 enodandos
1231 3326 1351 3385 acceda-

318 3450 392 3503 mus,
425 3447 518 3506 pauca
548 3429 584 3486 de
606 3427 742 3486 Panaetii
773 3447 862 3504 opere
891 3431 1040 3489 monenda
1069 3435 1147 3490 sunt.
1191 3428 1351 3489 Panaetius

317 3533 411 3592 libros
445 3526 513 3610 περὶ
545 3529 600 3588 τοῦ
630 3521 822 3605 καθήκοντος
858 3538 889 3590 et
921 3531 1015 3592 edidit
1046 3552 1082 3592 eo
1114 3539 1257 3608 ternpore,
1291 3549 1350 3608 quo

389 3718 412 3783 ι)
431 3719 444 3764 1
462 3718 487 3764 e.
505 3718 530 3764 11
548 3697 594 3767 eo.¹
608 3717 647 3764 111
666 3720 679 3765 ι
699 3719 741 3768 on.

387 3800 414 3870 2)
431 3803 495 3850 Eum
514 3817 595 3850 rerum
612 3802 762 3852 Graecarum
780 3804 814 3850 ita
832 3803 909 3852 fuisse
926 3804 1041 3865 peritum,
1059 3807 1087 3851 nt
1104 3805 1217 3865 exempla
1233 3802 1291 3850 iude
1308 3815 1350 3862 pe·

318 3891 363 3937 tits
380 3894 464 3950 posset
481 3889 512 3935 de
530 3901 577 3936 sno
595 3889 691 3951 afferre,
709 3889 735 3936 id
752 3903 849 3948 quoque
866 3903 939 3936 nemo
958 3904 1007 3938 non
1025 3889 1149 3936 concedet.

387 3972 414 4038 d)
432 3975 482 4024 cfr.
499 3973 567 4020 infra
584 3989 610 4035 p.
631 3977 669 4022 12.

386 4058 413 4126 4)
431 4058 482 4107 Otr.
501 4059 567 4106 intra
585 4073 608 4120 p.
630 4062 670 4121 18,
682 4062 707 4109 4.
726 4062 768 4122 20,
781 4061 805 4107 3.
825 4061 865 4118 al,
877 4059 902 4109 8.
922 4061 969 4109 323
988 4060 1020 4107 de
1036 4058 1135 4108 Laelio.
1179 4073 1183 4080 ·
