3082 4712
656 385 871 454 ..11-

334 563 432 628 Quare
454 567 585 624 statuere
606 582 762 640 possumus
777 562 947 622 Ciceronem
970 563 1006 620 ad
1028 565 1152 639 eaput4
1174 561 1276 622 libriI

248 670 283 728 de
305 669 355 728 off.
370 667 579 726 elaborandum
596 666 673 725 libro
696 666 730 724 11
753 667 788 725 de
808 665 858 722 fin.
874 685 958 723 usum
976 684 1048 724 esse.
1092 665 1169 723 Nam
1187 665 1275 724 ctiam

246 791 281 830 ea
302 771 360 831 tric
382 769 545 841 enuntiata,
577 768 685 847 quibus
713 768 882 844 exponitur,
912 786 987 846 quoe
1018 766 1187 826 eommunia
1211 787 1276 825 mu-

247 893 319 932 nera
342 871 479 931 omnibus
502 869 702 930 animantibus
723 889 742 929 a
763 875 871 930 natura
892 869 1005 929 tributa
1035 870 1097 928 sint
1116 875 1147 928 et
1169 870 1277 950 quibus

246 976 335 1036 rebus
357 975 464 1033 beluae
487 975 523 1031 ab
546 971 717 1032 hominibus
743 973 863 1046 distent,
894 972 1065 1031 Ciceronem
1096 971 1146 1031 off.
1169 972 1187 1030 I
1208 991 1231 1031 o.
1256 975 1275 1031 4

246 1080 313 1138 ideo
336 1076 483 1135 addidisse
505 1075 585 1134 credi
615 1081 727 1152 potest,
759 1076 837 1155 quod
860 1077 889 1136 h.
906 1074 925 1132 1.
949 1093 1009 1133 rem
1038 1075 1107 1133 inde
1129 1076 1166 1132 ab
1189 1075 1276 1134 initio

248 1187 383 1257 repetere
405 1178 539 1251 volebat,
570 1177 622 1238 fin.
644 1178 678 1236 Π
701 1180 740 1236 45
764 1197 831 1258 sqq.
854 1183 968 1236 tantum
996 1177 1146 1250 „breviter
1168 1177 1276 1237 eonsti-

171 1349 174 1356 .
250 1288 347 1354 tuere,
379 1281 466 1361 quale
494 1282 652 1339 honestum
683 1280 829 1358 esset“¹).
884 1280 941 1338 Sed
972 1279 1025 1338 illa
1053 1280 1197 1340 virtutum
1228 1280 1277 1338 de-

251 1384 372 1460 scriptio
395 1403 455 1442 non
478 1388 541 1443 tota
571 1403 610 1442 ex
640 1383 729 1442 unius
758 1383 855 1458 masei
886 1382 1056 1458 philosophi
1079 1381 1156 1440 libro
1178 1382 1277 1454 fluxit,

250 1507 353 1548 verum
374 1507 392 1545 a
414 1487 559 1546 Cicerone
580 1487 645 1562 ipso
669 1485 831 1562 composita
854 1493 907 1547 est.
959 1486 1033 1543 Nam
1061 1485 1143 1543 locus
1164 1484 1217 1544 ille
1240 1504 1279 1543 ex

249 1590 382 1649 Platonis
402 1589 531 1665 epistula
552 1590 588 1646 ad
612 1589 773 1666 Archytam
796 1608 875 1647 nona
897 1587 1040 1664 petitus2)
1065 1589 1190 1646 formam
1212 1606 1278 1647 ver-

249 1695 353 1752 borum
376 1693 500 1769 praebet
515 1691 666 1750 Ciceronis
681 1692 831 1768 propriam
855 1711 872 1750 a
894 1691 1041 1770 solitaque
1060 1692 1278 1750 abhorrentem.

249 1797 348 1855 Huius
369 1796 427 1855 loei
443 1796 510 1872 ipsa
528 1814 634 1870 graece
647 1796 741 1853 verba
756 1794 926 1853 Ciceronem
950 1795 1028 1853 haud
1050 1794 1188 1869 ignorare
1209 1793 1279 1853 inde

251 1899 354 1971 elucet,
379 1900 457 1977 quod
480 1917 515 1956 ea
538 1899 587 1957 off.
610 1898 628 1956 1
651 1903 690 1956 22
715 1898 786 1957 satis
809 1904 943 1958 accurate
965 1897 1064 1958 vertit.
1109 1896 1210 1956 Minus
1232 1916 1279 1957 ac-

252 2007 351 2062 curate
373 2021 408 2060 ec
429 2001 527 2060 reddit
549 2000 599 2058 fin.
616 2002 715 2074 1145,
738 2000 859 2060 minime
882 1999 1070 2076 off.112³),
1093 2001 1145 2059 sed
1167 2000 1198 2057 hi
1221 2005 1281 2059 tres

249 2105 306 2165 loei
330 2124 364 2162 eo
395 2105 599 2179 consentiunt,
630 2105 707 2182 quod
739 2103 820 2162 nullo
851 2104 910 2160 τῶν
939 2096 1144 2181 γεννησάντων
1168 2103 1279 2162 mentio

250 2208 293 2266 fit.
315 2240 357 2250 —
380 2208 540 2266 Praeterea
562 2205 742 2283 principales
763 2211 863 2282 partes
884 2205 966 2264 illius
989 2204 1196 2283 descriptionis
1220 2204 1280 2265 vir-

251 2317 347 2370 tutum
371 2329 431 2368 non
455 2293 558 2367 omnes
580 2309 616 2366 cd
640 2309 765 2366 eundem
788 2307 877 2367 finem
899 2313 1043 2384 spectant.
1094 2307 1161 2367 Fin.
1182 2307 1217 2365 Π
1239 2312 1279 2366 46

255 2413 333 2470 enim
357 2413 583 2483 demonstretur,
610 2411 757 2490 quomodo
781 2429 798 2468 a
819 2410 903 2469 fonte
925 2410 1088 2488 sapientiae
1110 2411 1146 2468 ad
1167 2411 1280 2469 fontem

252 2515 382 2574 iustitiae
406 2517 512 2571 natura
533 2532 587 2571 nos
610 2514 752 2572 traducat.
797 2513 997 2593 Sequentibns
1021 2513 1114 2588 igitur
1134 2513 1281 2586 agendum

252 2625 315 2676 erat
331 2617 366 2674 de
388 2614 516 2685 institia;
539 2615 638 2690 agitur
659 2619 757 2673 autem
774 2616 809 2673 de
828 2615 1032 2690 magnitudine
1054 2614 1153 2673 animi.
1198 2615 1282 2674 Haeo

251 2719 326 2777 male
349 2737 380 2777 se
402 2718 512 2776 habere
533 2718 635 2776 Cicero
658 2717 724 2794 ipse
745 2717 931 2777 intellexisse
952 2718 1084 2792 videtur;
1107 2737 1175 2776 nam
1199 2717 1281 2776 off.I

145 2820 147 2824 ’
255 2825 291 2880 13
314 2841 350 2880 ea
371 2821 472 2893 verba,
504 2820 612 2900 quibus
634 2820 771 2881 transitio
794 2840 812 2879 a
833 2822 897 2880 veri
918 2820 1039 2881 videndi
1062 2819 1223 2896 eupiditate
1245 2818 1281 2876 ad

322 3144 346 3210 1)
364 3144 415 3192 cfr.
428 3145 469 3191 fin.
482 3144 521 3190 III
533 3158 587 3203 cap.
602 3145 624 3192 d.
643 3169 676 3178 -
695 3144 791 3192 Causae
803 3144 969 3192 antecedentis
982 3144 1058 3203 notio,
1076 3157 1149 3204 quam
1162 3144 1202 3191 off.
1215 3145 1229 3190 1
1248 3147 1277 3190 11

253 3232 329 3290 addit,
348 3231 370 3278 ei
389 3235 454 3278 certe
466 3230 596 3278 notissima
613 3235 675 3292 erat,
694 3245 749 3278 cnm
767 3245 817 3277 non
835 3233 912 3278 multo
930 3235 988 3277 ants
1005 3231 1095 3278 librum
1109 3231 1139 3278 de
1156 3231 1207 3278 fato
1225 3245 1281 3278 oon-

253 3317 401 3376 scripsisset.

322 3432 348 3498 2)
367 3432 462 3482 Graeca
479 3435 541 3482 haee
564 3439 622 3482 sunt
639 3434 673 3500 (p.
693 3437 743 3484 368
761 3435 808 3499 Al:
832 3429 1032 3498 transscripsit
1051 3427 1099 3502 οὐχ
1116 3426 1187 3499 αὐτῷ
1206 3429 1281 3498 μόνον

252 3517 359 3586 γέγονεν,
384 3512 449 3570 oilld
472 3519 522 3584 τῆς
539 3516 665 3584 γενέσεως
687 3514 764 3586 ἡμῶν
780 3514 809 3570 τὸ
829 3517 876 3583 μέν
895 3534 920 3570 τι
943 3515 1070 3584 η’πατρὶς
1093 3517 1226 3584 μερίζεται,
1251 3512 1279 3570 td

252 3604 323 3658 δέτι
341 3603 364 3656 οἱ
382 3600 556 3671 γεννήσαντες,
574 3600 602 3658 τὸ
622 3601 652 3658 δὲ
670 3604 693 3657 οἱ
711 3602 791 3658 lornol
808 3603 885 3671 oller.

321 3722 347 3788 d)
363 3724 475 3772 Patriam
492 3725 609 3772 nimirum
627 3726 682 3773 idco
703 3726 758 3772 h.1.
777 3725 875 3784 omittit,
900 3725 966 3785 qnod
990 3705 1099 3772 stadium
1122 3725 1227 3784 parandi
1245 3738 1281 3784 ea,

251 3823 314 3868 qnae
332 3811 490 3871 suppeditant
508 3811 538 3857 ad
557 3810 660 3871 victum,
678 3811 709 3857 ad
728 3825 784 3858 eam
801 3811 924 3871 pertinere
942 3825 992 3857 non
1009 3815 1099 3871 potest.
1126 3807 1187 3860 Τῶν
1201 3808 1281 3874 φίλων

252 3900 334 3942 antem
357 3896 483 3944 notionem
507 3896 598 3944 dividit
621 3910 753 3956 eorumque
776 3896 896 3943 nonnulla
913 3911 1004 3956 genera
1021 3895 1153 3956 separatim
1177 3910 1282 3944 comme·

252 3986 337 4027 morat.
350 4007 383 4018 -
404 3981 518 4030 Ceteram
535 3982 600 4028 hanc
617 3981 838 4030 Pseudo-Platonis
856 3983 1002 4030 sententiam
1020 3981 1127 4029 iamdiu
1144 3981 1170 4028 in
1188 3981 1282 4032 deliciis

252 4065 374 4132 habebat3
394 4068 439 4116 cfr.
457 4081 502 4131 pro
520 4067 624 4115 Murena
642 4067 657 4133 5
677 4069 717 4117 83.
753 4067 863 4130 iladvig.
883 4067 914 4114 ad
931 4067 974 4118 fin.
993 4068 1077 4117 1145.
