3082 4712
718 369 930 434 ...32-

307 541 473 619 composita
496 559 560 600 asso
579 540 695 614 dicitur,
719 541 826 599 iamin
844 542 931 616 libro,
955 543 1004 620 qui
1024 541 1198 602 inscribitur
1213 543 1344 617 Laelius,

307 642 524 703 inveniuntur:
547 665 574 704 v.
591 663 616 702 c.
640 663 703 720 cap.
727 650 744 701 6
768 645 809 702 in.
835 645 1047 718 benivolentia,
1072 647 1088 719 ξ
1112 651 1151 703 30
1176 644 1344 717 admiratio,

308 749 323 819 ξ
349 751 387 804 65
420 747 503 804 fides.
554 747 668 804 Rursus
700 746 771 804 huic
801 746 950 806 amicitiae
981 747 1038 805 iam
1071 747 1102 805 iu
1134 750 1235 807 eodem
1263 749 1343 807 libro

310 850 429 908 eaedem
452 847 582 907 rationes
604 848 816 924 improbabiles
839 856 1047 925 opponuntur:
1075 851 1160 908 velut
1181 853 1196 923 ξ
1222 855 1258 908 52
1282 870 1340 908 me·

310 956 368 1024 tus,
390 953 458 1023 §31
485 969 552 1026 spes
576 950 719 1008 mercedis
727 972 735 1023 ;
759 950 930 1027 saepissime
953 956 1049 1011 autem
1074 953 1226 1034 praedicat
1242 951 1344 1010 Cicero

312 1072 371 1111 nou
395 1052 471 1111 lucri
494 1073 581 1115 causa
597 1073 697 1112 veram
713 1055 870 1113 amicitiam
889 1055 968 1113 iniri.
1015 1054 1113 1116 Quare
1133 1075 1186 1131 per
1208 1075 1239 1114 se
1263 1054 1346 1112 credi

310 1161 409 1232 potest
430 1175 479 1214 eas
503 1156 680 1230 sententias,
711 1177 786 1236 quaa
810 1157 894 1235 quasi
916 1159 1108 1216 fundamenta
1135 1157 1347 1234 explicationis

309 1261 341 1332 ἐξ
366 1261 486 1317 21-51
514 1264 622 1330 essent,
650 1259 820 1319 Ciceronem
847 1279 883 1317 cx
907 1259 1009 1320 Laelio
1032 1261 1240 1336 desumpsisse.
1285 1259 1345 1318 Sed

214 1380 217 1385 ·
311 1360 465 1436 dispositio
488 1363 503 1434 ξ
527 1365 564 1419 21
590 1362 718 1437 prolata,
749 1381 929 1439 quamquam
960 1381 1023 1420 eam
1047 1365 1083 1421 ad
1110 1362 1271 1421 amicitiam
1294 1362 1347 1420 vel

310 1464 416 1524 adres
438 1463 570 1539 privatus
593 1465 745 1539 pertinere
767 1464 833 1522 vult
855 1465 990 1539 scriptor,
1020 1469 1117 1523 tamon
1141 1485 1173 1522 rc
1196 1484 1267 1526 vera
1290 1484 1345 1540 po-

311 1565 370 1624 tius
393 1567 428 1623 ad
452 1585 513 1624 rem
536 1565 685 1641 publicam
709 1571 838 1642 spectat;
871 1567 922 1624 cfr.
946 1586 980 1624 ea
1004 1569 1109 1640 verba,
1139 1587 1214 1645 quac
1238 1567 1347 1646 quinto

310 1667 374 1727 loco
408 1673 546 1728 exstant:
585 1689 675 1741 „cum
709 1688 822 1742 reges
856 1661 1130 1744 popularesve
1161 1669 1347 1727 homines

310 1770 483 1844 largitiones
507 1770 621 1851 aliquas
642 1774 884 1850 proponunt“¹).
938 1771 1023 1829 Unde
1052 1772 1100 1850 fit,
1134 1777 1169 1830 ut
1197 1771 1249 1829 illa
1275 1774 1346 1829 fun-

311 1875 448 1932 damenta
470 1873 617 1934 fluxerint
639 1894 677 1932 ex
700 1875 799 1953 aliquo
823 1874 914 1944 libro,
946 1874 998 1953 qui
1030 1881 1108 1934 esset
1129 1876 1166 1934 de
1196 1874 1291 1948 gloria
1314 1879 1347 1933 ct

311 1977 360 2055 qni
384 1976 512 2051 gloriam
534 1978 644 2036 eisdem
667 1977 755 2034 rebus
778 1976 834 2034 niti
850 1977 1065 2036 demonstraret
1088 1982 1176 2054 atque
1193 1976 1346 2036 Ciceronis

312 2079 431 2138 Laelius
454 2079 621 2138 amicitiam.
666 2079 803 2140 Proclive
826 2085 872 2138 est
893 2079 929 2136 de
948 2079 1099 2139 Ciceronis
1122 2082 1236 2139 duobus
1259 2079 1345 2137 libris

312 2182 348 2238 de
371 2180 465 2254 gloria
487 2181 625 2256 cogitare,
656 2201 730 2260 quos
752 2181 841 2258 paulo
864 2186 933 2258 post
954 2182 1087 2240 Laelium
1111 2185 1142 2240 et
1162 2183 1250 2258 paulo
1274 2191 1343 2240 aute

311 2283 405 2342 libros
428 2284 464 2342 de
489 2284 597 2342 officiis
628 2284 805 2360 compositos
834 2285 898 2361 ipse
929 2285 978 2343 off.
1001 2285 1034 2343 ΙΙ
1057 2289 1093 2343 31
1128 2289 1341 2343 commemorat.

313 2389 360 2446 Ad
389 2387 469 2448 hano
500 2387 670 2463 opinionem
701 2388 930 2447 confirmandam
962 2387 1083 2460 accedit,
1118 2389 1196 2466 quod
1226 2387 1283 2445 iam
1313 2386 1346 2444 in

316 2489 418 2548 Laelio
443 2491 544 2548 eodem
568 2492 654 2549 modo
677 2496 766 2568 atque
790 2490 838 2548 off.
862 2491 896 2548 ΙΙ
922 2491 958 2548 ab
990 2489 1121 2549 amicitia
1151 2491 1188 2547 ad
1221 2489 1345 2562 gloriam

314 2591 435 2662 transit;
459 2593 509 2651 cf.
533 2595 548 2665 ξ
573 2597 611 2650 50
635 2612 681 2651 ex.
706 2590 847 2668 (‚‚caritas
870 2591 994 2668 vulgi⁴‘),
1015 2593 1031 2664 ξ
1056 2596 1092 2648 61
1108 2590 1146 2669 ²).

376 2679 378 2683 ’
401 2694 484 2752 Haec
506 2713 575 2768 pars
597 2694 690 2768 igitur
711 2695 744 2753 in
766 2694 939 2753 universum
962 2713 1022 2752 non
1040 2692 1133 2753 fiuxit
1155 2714 1192 2752 ex
1208 2694 1347 2753 Panaetii

315 2795 401 2853 libro.
447 2794 572 2855 Etiamsi
595 2800 694 2856 autem
716 2796 871 2869 nescimus,
904 2796 976 2875 quid
1003 2796 1055 2856 ille
1085 2797 1281 2873 philosophus
1311 2797 1349 2855 li-

315 2899 367 2956 bro
391 2899 442 2957 111
464 2895 531 2976 περὶ
555 2900 609 2957 τοῦ
632 2892 826 2976 καθήκοντος
849 2899 1029 2976 exposuerit,
1056 2899 1088 2957 id
1111 2899 1254 2976 suspicari
1276 2899 1351 2960 licet

315 3021 382 3060 eum
412 3001 491 3060 hunc
521 3001 640 3076 librum,
672 3023 729 3082 quo
761 3005 797 3061 de
825 3002 958 3062 utilitate
990 3002 1065 3079 egit,
1096 3002 1196 3082 aliquo
1226 3001 1349 3062 vinculo

316 3103 530 3163 sententiarum
552 3125 618 3163 oum
640 3105 898 3178 antecedentibus,
929 3105 980 3183 qui
1003 3109 1088 3163 erant
1114 3106 1150 3164 de
1181 3107 1348 3178 honestate,

317 3204 517 3265 coniunxisse.
562 3208 626 3265 Iam
648 3208 802 3267 videamus
824 3209 861 3266 da
884 3207 976 3268 altera
997 3212 1082 3284 parte
1097 3207 1167 3266 libri
1183 3208 1215 3266 Π
1237 3208 1275 3266 de
1297 3208 1348 3266 off.

317 3357 522 3368 -———

386 3447 412 3505 1)
431 3445 539 3503 „Fidcs“
565 3447 639 3493 aliam
663 3447 715 3494 vim
740 3445 816 3493 habet
839 3447 864 3493 in
890 3447 978 3507 gloria,
1003 3447 1076 3494 aliam
1100 3447 1125 3492 in
1149 3445 1264 3493 amicitia.
1300 3447 1351 3494 Hic

317 3529 441 3587 significat
458 3532 490 3590 id,
513 3533 578 3591 quod
596 3547 641 3580 nos
667 3533 769 3580 dicimus
793 3533 855 3593 „dic
874 3533 985 3593 Treue“,
1008 3533 1059 3578 illio
1077 3546 1173 3592 semper
1191 3533 1221 3579 de
1239 3533 1287 3579 fide
1306 3535 1349 3580 ha·

317 3616 400 3662 banda
423 3601 583 3676 (Vartrauen)
603 3618 704 3678 dicitur,
730 3619 765 3663 ita
783 3624 810 3664 ut
830 3619 855 3664 in
874 3620 952 3665 altera
968 3618 1101 3678 partitione
1126 3617 1151 3682 (5
1171 3617 1213 3681 22)
1237 3632 1282 3678 pro
1301 3619 1351 3665 fide

317 3707 423 3762 ponatur
445 3705 537 3762 „spes“
566 3699 625 3769 (sibi
652 3704 677 3749 id
703 3704 762 3749 utile
787 3703 908 3762 futurum,
934 3703 955 3751 si
980 3703 1084 3764 imperio
1111 3703 1213 3751 alterius
1239 3718 1265 3750 se
1291 3702 1348 3750 sub—

318 3787 437 3850 iecerint).

388 3874 414 3939 2)
433 3874 499 3935 Quin
517 3873 590 3920 etiam
607 3874 718 3935 singulae
731 3875 874 3934 sententias,
894 3889 956 3934 quaa
969 3876 1009 3922 off.
1024 3874 1050 3921 ΙΙ
1068 3874 1099 3920 ad
1117 3875 1210 3934 gloriae
1223 3872 1350 3920 notionem

319 3960 490 4007 illustrandam
514 3960 680 4019 proferuntur,
705 3961 806 4007 mirifice
830 3975 885 4007 cum
909 3960 971 4008 libro
997 3961 1027 4007 de
1052 3958 1160 4006 amicitia
1184 3957 1350 4008 consentiunt

320 4043 372 4092 Cir.
390 4046 460 4093 Lael.
480 4046 511 4093 82
530 4059 562 4092 m.
581 4046 787 4093 camoenas
806 4045 839 4094 in.
