3082 4712
696 389 888 454 ..6-

276 563 411 638 fioisoi1),
443 584 459 622 e
494 565 575 623 huno
595 564 691 624 looum
713 564 824 622 frustra
846 565 945 624 studet
966 563 1104 639 supplere
1114 561 1153 639 ¹).
1176 595 1217 606 -
1246 567 1303 638 §9

277 667 410 743 exponit,
441 686 502 746 quo
525 668 612 726 modo
635 665 794 726 Panaetius
817 671 909 726 totam
933 666 1136 746 quaestionem
1161 665 1304 738 diviserit,

277 774 309 829 et
330 773 345 845 §
370 772 407 827 10
431 768 508 827 hono
531 768 707 827 divisionem
730 768 879 843 corrigere
901 774 1034 827 conetur.

362 871 466 946 Capite
496 876 514 927 4
547 870 649 930 Cioero
680 870 819 945 exponit,
849 870 958 950 quibus
985 889 1024 928 ex
1053 870 1188 930 fontibus
1209 871 1305 930 virtus

276 974 398 1045 oriatur,
420 980 451 1032 et
472 972 654 1048 singulorum
669 972 814 1032 virtutum
835 974 918 1052 qussi
940 973 1051 1032 formos
1073 972 1232 1032 describit
1259 974 1305 1032 De

276 1076 378 1135 eadem
407 1080 505 1134 autem
536 1093 568 1134 re
598 1073 650 1134 fin.
673 1075 707 1132 11
733 1077 748 1149 ς
772 1079 811 1134 45
844 1095 910 1155 sqq.
940 1073 983 1134 ita
1012 1074 1151 1149 disputet,
1181 1080 1215 1134 ut
1244 1096 1303 1134 non

275 1178 371 1238 solum
394 1177 557 1238 sententies
580 1179 695 1238 easdem
721 1184 752 1238 et
775 1178 900 1236 eundem
926 1177 1139 1238 sententiarum
1162 1177 1305 1250 ordinem,

275 1281 327 1340 sed
348 1281 411 1339 fere
433 1282 534 1339 eodem
556 1281 650 1340 verbo
671 1280 812 1356 proferat.
858 1280 915 1344 Qui
938 1279 996 1339 looi
1017 1286 1052 1340 ut
1080 1280 1197 1339 faoilius
1226 1279 1306 1341 inter

242 1387 243 1392 ’
277 1401 309 1442 se
330 1383 495 1459 eomparori
516 1383 642 1460 possint,
664 1402 715 1443 eos
737 1383 824 1444 iuxta
844 1401 1008 1459 opponam:

420 1493 493 1553 off.
516 1495 532 1552 I
555 1514 580 1553 o.
603 1499 633 1555 4.
880 1494 961 1554 Fin.
985 1494 1019 1554 II
1040 1497 1072 1568 ἐξ
1095 1494 1229 1553 45-47.

339 1598 355 1669 §
388 1599 436 1656 11.
492 1595 643 1673 Principio
674 1598 775 1672 generi

275 1698 470 1758 animantium
494 1700 575 1757 omni
606 1705 651 1758 est
679 1717 698 1756 o
725 1719 777 1757 na·

275 1806 342 1860 ture
365 1799 521 1874 tributum,
551 1805 585 1860 ut
614 1821 655 1876 se,
684 1802 776 1862 vitam

276 1922 442 1983 eorpusque
478 1909 611 1977 tueatur,
649 1903 778 1964 declinet
803 1926 806 1932 ·

275 2023 318 2078 es,
347 2023 423 2085 quae
452 2005 589 2065 nocitura
609 2005 776 2078 videantur,

275 2106 442 2186 omniaque,
474 2125 550 2186 quoe
579 2107 642 2168 sint
669 2108 705 2166 ed
731 2109 776 2169 vi-

274 2207 404 2268 vendum
433 2211 607 2284 neeessaria,
638 2211 777 2292 pnquirot

275 2317 306 2369 et
326 2317 420 2389 paret,
449 2316 484 2371 ut
505 2316 631 2386 pastum,
654 2319 688 2372 nt
709 2314 776 2373 lati-

275 2413 353 2487 bulo,
375 2413 483 2473 utalia
503 2415 621 2489 generis
636 2417 776 2476 eiusdem.

275 2516 436 2575 Commune
473 2516 544 2575 item
581 2517 776 2578 animantium

275 2617 406 2676 omnium
420 2624 467 2676 est
484 2618 703 2680 ooninnotionis
725 2640 776 2698 op-

274 2719 387 2796 petitus
418 2721 592 2795 proereendi
625 2740 714 2782 eausa
747 2728 778 2783 et

276 2840 345 2881 euro
377 2822 521 2902 quaedem
554 2841 666 2898 eorum,
699 2844 776 2904 quoe

277 2929 432 3000 proereeta
466 2924 535 2987 sint.
601 2925 659 2985 Sed
697 2928 777 2988 inter
867 2931 1013 2992 Homines
1036 2933 1124 3006 enim,
1159 2934 1215 2994 etsi
1237 2933 1323 2992 aliis·

274 3026 425 3085 hominem
448 3032 479 3085 et
500 3027 617 3086 beluam
635 3029 694 3088 hoo
716 3050 776 3089 ma·
803 3033 912 3104 multis,
939 3039 1037 3093 tamen
1060 3036 1119 3094 hoo
1147 3055 1206 3094 uno
1236 3035 1302 3112 plu·

275 3129 355 3187 xime
370 3129 503 3202 interest,
527 3130 605 3208 quod
621 3131 694 3191 hoeo
710 3139 775 3191 tan-
802 3135 909 3193 nimum
954 3154 971 3193 a
1007 3136 1112 3197 bestiis
1153 3138 1304 3212 differunt,

275 3237 348 3305 tum,
366 3234 510 3310 quantum
526 3250 615 3292 sensu
630 3240 775 3309 movetur,
804 3237 883 3315 quod

276 3333 357 3392 adid
373 3333 477 3404 solum,
493 3335 572 3414 quod
588 3337 672 3396 adest
683 3339 776 3417 quod·

276 3456 335 3518 quo
359 3455 501 3514 praesens
523 3443 576 3512 est,
608 3458 640 3498 se
662 3458 776 3500 eooom·

275 3539 384 3613 modat,
402 3539 523 3615 paulum
538 3542 694 3600 admodum
709 3543 791 3628 sen-i

345 3708 371 3774 1)
387 3709 460 3758 Hane
483 3712 667 3760 adnotationem
689 3714 776 3765 Cicero
800 3718 826 3764 in
852 3718 948 3767 deliciis
971 3719 1055 3767 habet.
1091 3720 1237 3781 ofr.rap.1
1262 3724 1301 3770 38.

275 3795 316 3842 fin.
335 3796 405 3844 12⁹.
424 3796 450 3842 11
469 3798 492 3844 3.

343 3879 372 3944 2)
391 3881 446 3928 Viri
462 3881 538 3942 dooti,
553 3883 597 3942 qui
614 3886 638 3932 h.
651 3888 670 3934 1.
687 3887 789 3935 lacunas
806 3894 849 3936 aut
865 3887 1067 3950 interpolationes
1084 3905 1139 3939 osso
1156 3897 1303 3953 statuerunt,

276 3966 420 4014 Ciceronem
431 3966 512 4027 ipsum
524 3971 650 4030 corrigere
661 3973 744 4021 eonati
762 3981 827 4022 sunt.
857 3974 907 4022 Cir.
921 3976 994 4023 etiem
1006 3976 1093 4025 Hirsol
1106 3979 1122 4024 l.
1135 3993 1156 4025 o.
1169 3979 1195 4026 11
1207 3981 1266 4041 840,
1279 3982 1303 4027 2.

276 4055 324 4100 411
344 4066 380 4113 eq.
399 4055 458 4101 414.
