3082 4712
709 369 922 432 -22-

300 545 475 621 templativa
496 543 544 603 vel
566 543 819 619 philosophorum.
864 542 921 600 His
937 541 1028 616 igitur
1043 540 1215 614 magnitudo
1239 538 1328 596 animi

301 667 360 706 non
384 667 458 721 opus
481 650 613 705 autnon
635 651 695 704 tam
719 665 792 721 opus
816 655 861 704 est
884 664 971 723 quam
996 644 1052 719 eie,
1083 643 1132 721 qui
1164 643 1274 715 „vitam
1297 641 1328 697 in

302 751 398 809 medio
420 769 518 808 rerum
535 752 656 823 agunt“.
701 748 759 805 cfr.
782 745 798 826 §
816 745 871 804 73:
895 744 998 819 „Quae
1019 744 1154 803 faciliora
1175 753 1244 802 sunt
1265 743 1331 818 phi-

300 850 447 927 losopbis,
480 870 538 930 quo
574 850 672 908 minus
703 839 796 908 multa
826 854 931 925 patent
960 849 990 905 in
1023 866 1123 906 aarum
1146 847 1223 918 vita,
1256 865 1331 924 quac

300 956 420 1012 fortuna
441 953 530 1011 feriat
552 952 638 1032 [crgo
662 952 759 1010 minus
782 959 862 1010 metu
882 949 1073 1028 torquentur]
1100 956 1129 1008 et
1152 969 1210 1028 quo
1234 949 1331 1007 minus

301 1055 402 1114 multis
430 1057 518 1114 rebus
548 1058 638 1130 egent
664 1054 749 1134 [argo
780 1054 910 1112 minores
939 1053 1116 1128 cupiditates
1147 1048 1271 1128 habent]
1301 1056 1333 1110 et

303 1159 387 1237 quic,
414 1157 438 1216 si
471 1156 541 1236 quid
574 1157 689 1216 adversi
721 1156 855 1229 eveniat,
886 1162 946 1214 tam
979 1155 1109 1228 graviter
1139 1156 1243 1213 cadere
1272 1173 1331 1210 non

302 1265 427 1337 possunt
449 1263 530 1334 [crgo
553 1278 653 1317 eorum
670 1259 823 1334 aegritudo
840 1257 889 1316 vol
911 1257 1037 1333 angor1)
1062 1277 1121 1315 non
1145 1262 1245 1316 tantus
1268 1275 1332 1313 esse

302 1359 415 1440 potest]
424 1365 441 1393 ‘⁴
454 1361 493 1439 ²).
537 1361 599 1418 Iam
630 1361 660 1418 id
690 1379 808 1439 quoque
837 1359 1034 1434 intellegitur,
1066 1379 1124 1436 quo
1155 1364 1268 1434 spectet
1299 1377 1334 1415 ea

303 1465 459 1537 sententia,
483 1465 558 1542 quae
582 1459 598 1540 ξ
617 1467 653 1521 81
671 1463 713 1522 in.
729 1463 776 1520 his
790 1462 890 1522 verbis
911 1461 1105 1536 exprimitur:
1128 1461 1333 1541 „Quamquam

302 1571 359 1627 hoc
380 1566 479 1639 animi,
509 1566 583 1624 illud
606 1565 693 1624 etiam
717 1565 830 1639 ingenii
853 1565 952 1637 magni
975 1571 1028 1635 est,
1060 1565 1231 1640 praecipere
1254 1565 1333 1638 cogi·

304 1671 416 1729 tatione
439 1671 557 1727 futura“
580 1688 645 1748 sqq.
690 1669 750 1726 Eos
772 1668 877 1742 igitur,
908 1667 959 1745 qui
983 1668 1092 1740 „vitam
1115 1669 1145 1725 in
1170 1669 1266 1726 medio
1288 1687 1333 1724 rc-

303 1793 368 1832 rum
390 1775 512 1847 agunt“,
541 1791 578 1828 ne
606 1770 727 1846 ingenio
751 1769 869 1850 quidam
899 1769 1086 1845 philosophis
1115 1772 1335 1846 posthabendos

304 1894 368 1934 essa
390 1873 549 1933 Panaetius
570 1878 664 1950 putat.
709 1873 785 1930 Nam
815 1873 891 1930 hanc
913 1872 1090 1931 sententiam
1113 1873 1246 1931 Panaetii
1271 1891 1335 1930 esse

304 1979 352 2036 vel
382 1996 417 2036 ea
445 1979 481 2035 de
511 1996 599 2034 causa
618 1978 684 2035 ‘veri
715 1975 810 2034 simile
840 1979 894 2047 est,
925 1976 1003 2053 quod
1033 1961 1222 2050 pr‘aeceptum
1252 1975 1335 2047 illud,

306 2100 365 2138 non
390 2079 632 2138 committendum
657 2097 728 2151 esse,
756 2077 971 2157 utaliquando
994 2078 1149 2136 dicendum
1173 2078 1227 2136 sit:
1257 2098 1334 2151 „non

305 2184 468 2256 putaram“,
492 2181 588 2239 Valer.
612 2182 692 2239 Max.
716 2180 779 2238 VII
801 2185 828 2251 2,
854 2185 872 2237 2
897 2179 1037 2238 Africano
1061 2180 1207 2240 attribuit.

391 2284 475 2343 Haec
503 2285 566 2343 fere
599 2284 741 2342 Panaetio
774 2284 937 2342 attribuere
970 2303 1134 2358 possumus.
1187 2285 1234 2341 Ex
1264 2293 1339 2363 quot

306 2391 406 2445 autem
435 2388 603 2466 quibusque
631 2387 766 2446 fontibus
796 2406 831 2445 ea
860 2387 1019 2458 fluxerint,
1052 2405 1128 2464 quae
1158 2387 1259 2446 Cicero
1291 2389 1339 2446 his

307 2490 471 2562 admiscuit,
497 2509 556 2548 non
580 2494 679 2565 potest
701 2489 866 2548 diiudicari.
917 2489 974 2547 Sed
997 2489 1061 2547 veri
1092 2489 1187 2547 simile
1217 2496 1263 2549 est
1289 2491 1340 2548 hic

308 2609 428 2671 quoque
457 2593 583 2663 fontem,
616 2609 654 2648 ex
686 2610 745 2668 quo
778 2592 826 2650 off.
856 2592 874 2649 I
906 2609 930 2649 c.
964 2594 981 2646 4
1014 2597 1044 2651 et
1074 2592 1123 2649 fin.
1147 2592 1181 2649 II
1212 2592 1337 2650 45—47

308 2695 414 2752 hausta
436 2697 514 2765 sunt,
539 2693 566 2750 ai
588 2698 706 2769 praesto
729 2691 870 2768 fuisse³).

395 2795 451 2854 Sed
474 2795 607 2855 breviter
629 2793 746 2869 singula
772 2795 999 2855 consideremus.
1045 2794 1080 2874 ἓξ
1106 2803 1155 2856 62.
1180 2803 1219 2856 63
1246 2798 1341 2872 igitur

309 2898 359 2959 vel
381 2917 416 2956 ea
439 2898 474 2956 de
497 2915 585 2957 causa
608 2917 668 2955 non
691 2907 762 2956 sunt
783 2898 935 2971 Panaetii,
967 2900 1044 2978 quod
1072 2918 1106 2957 aa
1135 2900 1226 2958 animi
1250 2900 1340 2959 elatio

311 3000 507 3078 vituperatur,
532 3018 608 3078 quaa
630 3019 683 3077 pro
707 3001 768 3059 suis
789 3001 950 3059 commodis
972 3006 1094 3078 pugnat.
1139 3001 1341 3082 664616-

300 3231 302 3236 .
381 3184 407 3249 1)
425 3201 503 3245 angor
520 3206 554 3226 =
573 3183 701 3245 aegritudo
718 3200 840 3245 premens.
877 3187 949 3234 Tusa.
967 3189 1002 3234 IV
1022 3190 1061 3236 18.

382 3268 408 3337 2)
427 3271 477 3320 cfr.
490 3272 575 3331 verba,
594 3286 658 3332 quaa
675 3277 732 3319 sunt
750 3287 831 3332 „quaa
849 3271 948 3320 fortuna
964 3275 1095 3334 fariat“,
1113 3280 1137 3323 et
1153 3275 1216 3324 Gall.
1230 3277 1290 3323 XIII
1308 3278 1341 3323 28

313 3359 448 3418 „fortunae
465 3357 638 3416 verbers“.

384 3443 411 3507 ³)
431 3443 481 3491 Cir.
500 3444 567 3493 off.1
584 3447 628 3494 18:
647 3479 670 3504 „.
690 3483 695 3494 .
716 3482 720 3492 .
740 3448 768 3491 ut
785 3445 877 3492 nemini
895 3459 983 3505 parere
1001 3447 1098 3494 animus
1115 3447 1178 3494 bans
1195 3448 1342 3497 informatus

314 3537 434 3579 enatura
451 3530 528 3577 velit“
547 3535 571 3578 et
588 3531 629 3577 fin.
647 3531 672 3578 11
692 3534 739 3580 48:
766 3565 795 3590 „.
816 3566 821 3577 .
841 3563 848 3577 .
866 3532 898 3579 ad
921 3532 1092 3592 imperandum
1116 3535 1194 3593 magis
1212 3548 1286 3593 quam
1309 3536 1342 3581 ad

314 3617 451 3677 parendum
469 3618 695 3685 accommodatum“
723 3632 778 3664 cum
804 3619 851 3676 eis,
877 3633 939 3678 quae
963 3619 1033 3666 cff.1
1056 3619 1071 3680 ᾖ
1091 3623 1122 3668 64
1145 3620 1343 3682 praecipiuntur3

314 3701 554 3762 porrofin.1148:
580 3735 608 3761 „.
628 3740 633 3749 .
653 3739 658 3748 .
677 3703 770 3749 nemini
787 3704 885 3763 cedens,
910 3718 1006 3764 semper
1025 3705 1209 3752 anIctum“
1228 3720 1282 3752 cum
1300 3707 1343 3752 off.

315 3789 392 3835 166:
411 3823 436 3848 „.
455 3823 461 3835 .
482 3823 488 3834 .
507 3787 642 3848 (hominem
660 3791 784 3848 oportere)
802 3791 864 3836 nulli
884 3826 889 3836 .
910 3828 915 3838 .
936 3789 1192 3838 subcumbcre“:
1214 3791 1275 3838 haec
1292 3791 1343 3838 iam

316 3889 365 3922 non
384 3875 415 3922 ad
433 3874 626 3934 magnitudinem
650 3874 734 3934 animi,
760 3877 803 3923 sed
827 3878 858 3924 ad
882 3876 956 3923 allam
974 3876 1090 3923 virtutem
1108 3875 1141 3942 τῇ
1159 3869 1261 3942 ἀνδρείᾳ
1285 3877 1343 3923 sub·

315 3961 412 4018 lectam,
434 3961 466 4006 ad
484 3954 531 4022 τὴν
550 3953 674 4026 εὐψυχίαν
690 3962 821 4021 pertinent,
846 3977 909 4022 quas
927 3966 965 4009 cst
981 3956 1113 4024 ἐπιστήμη
1132 3961 1219 4028 ψυχῆς
1236 3977 1343 4029 nupero

318 4041 397 4108 μένης
415 4039 508 4109 ἑαυτήν
524 4036 693 4109 ἀήττητον
712 4045 789 4110 (Stob.
809 4049 853 4094 ccl.
872 4049 898 4094 11
916 4051 956 4107 61,
969 4047 1001 4093 17
1019 4045 1072 4111 W).
