3082 4712
725 357 936 424 ..23-

312 530 436 608 iungere
459 534 568 607 studet,
590 537 623 592 ut
645 533 724 594 dicat
746 553 809 592 earn
831 533 863 594 in
886 533 1065 593 removenda
1079 527 1265 592 deformitate
1288 554 1341 610 po·

312 636 397 696 sitam
422 657 494 698 esse.
538 642 553 712 ξ
580 642 637 696 130
661 639 698 696 ad
720 637 933 696 formositatem
956 636 1047 710 redit,
1079 637 1130 695 sed
1152 656 1231 695 nunc
1253 657 1340 696 voea-

311 741 381 802 bulc
403 740 635 818 pulchritudinis
659 739 754 799 utitur
772 745 802 798 et
824 742 899 798 hanc
923 760 988 798 cum
1011 745 1115 799 ornatu
1134 742 1171 798 ad
1193 739 1338 799 actionem

310 849 381 920 apto
403 843 568 918 coniungit,
594 842 705 921 quain
728 862 760 901 rc
783 862 854 902 sane
875 843 950 901 illud
972 844 1028 916 „ad
1051 842 1195 901 actionem
1218 847 1339 918 aptum‘⁴

311 946 529 1022 neglegitur1).
580 946 624 1004 De
655 945 780 1020 singulis
809 966 902 1026 usque
932 949 968 1005 ad
999 949 1015 1022 ξ
1043 951 1096 1005 141
1123 966 1181 1005 non
1212 950 1257 1006 est
1287 966 1339 1006 cur

312 1050 447 1126 agam²).

395 1155 427 1226 ἕξ
461 1157 623 1210 142-149
655 1150 756 1210 Cicero
785 1154 821 1210 da
852 1173 911 1212 uno
942 1153 995 1227 τῆς
1026 1144 1225 1229 σωφροσύνης
1254 1160 1338 1230 parta

224 1239 229 1246 ¹
310 1254 386 1329 agit,
418 1276 503 1334 quarn
524 1259 555 1331 ἐξ
581 1260 650 1314 102.
677 1259 745 1316 103.
771 1259 838 1313 105.
866 1261 924 1314 106
956 1257 1087 1315 nondum
1117 1255 1269 1330 attigerat,
1302 1259 1338 1316 de

311 1351 437 1439 εὐταξία,
461 1379 526 1417 cum
550 1379 608 1438 qua
631 1357 764 1417 ordinem
787 1362 802 1433 ξ
827 1363 885 1417 126
909 1363 1175 1432 commemoratum,
1198 1362 1248 1417 sed
1272 1367 1339 1434 post

309 1462 477 1538 neglectum
508 1461 645 1520 conectit.
700 1462 789 1519 Hunc
822 1464 857 1519 ab
891 1463 994 1520 ordina
1026 1461 1090 1520 sive
1123 1461 1337 1521 sententiarum

309 1564 372 1623 sive
395 1565 562 1637 verborum,
593 1564 644 1643 qui
674 1565 706 1623 in
739 1563 871 1623 oratione
902 1566 1065 1623 servandus
1095 1571 1148 1637 est,
1180 1566 1217 1624 ad
1246 1565 1338 1625 vitam

309 1668 484 1726 translatum
507 1687 586 1736 esse,
617 1666 718 1726 Cicero
748 1667 813 1743 ipse
836 1669 1017 1727 demonstrat
1042 1688 1154 1726 summo
1179 1668 1231 1726 illo
1253 1687 1337 1744 prae·

310 1774 405 1846 cepto,
428 1771 506 1848 quod
529 1774 544 1844 ᾗ
566 1774 625 1829 144
647 1770 688 1829 in.
706 1773 771 1830 dat:
793 1771 892 1844 „Talis
914 1778 960 1830 eet
981 1772 1073 1846 igitur
1095 1774 1165 1830 ordo
1189 1770 1338 1831 actionum

313 1872 508 1947 adhibendus,
538 1879 579 1947 ut,
606 1893 716 1952 quem
739 1875 783 1932 ad
806 1875 954 1932 modum
978 1874 1019 1932 in
1042 1874 1223 1933 oratione
1246 1894 1339 1932 con·

309 1976 455 2047 stanti,
479 1975 521 2034 sic
543 1964 653 2035 invita
676 1977 775 2035 omnia
797 1975 857 2034 sint
878 1981 970 2051 apta
991 1975 1101 2035 inter
1124 1996 1161 2035 ee
1184 1984 1221 2035 et
1247 1997 1339 2036 con-

309 2078 555 2138 venientia“.
609 2081 709 2153 §143
744 2078 834 2138 stiam
874 2079 1006 2138 ordinem
1038 2080 1247 2153 verecundiae,
1284 2099 1338 2156 pro

311 2201 369 2260 qun
391 2181 441 2239 hic
464 2201 582 2260 quoque
605 2181 710 2240 melius
733 2181 912 2241 nominanda
934 2189 997 2241 erat
1018 2183 1210 2258 „pudicitia“,
1236 2188 1266 2241 et
1287 2203 1339 2258 ap-

310 2284 480 2360 probationi
501 2284 653 2343 bominum
677 2285 839 2358 subiungit.
884 2286 929 2343 De
952 2285 1078 2360 singulis
1100 2291 1217 2346 tantum
1241 2286 1340 2344 dicen·

311 2389 380 2445 dum
409 2394 455 2447 ast
477 2387 648 2446 Ciceronem
679 2407 738 2446 non
771 2380 826 2462 τήν
849 2378 994 2459 εὐταξίαν,
1024 2390 1075 2446 sed
1107 2381 1161 2463 τὴν
1183 2383 1341 2466 εὐκαιρίαν

309 2495 435 2549 tractare
447 2489 489 2566 3),
521 2493 634 2569 quac§
661 2495 717 2548 142
742 2490 834 2548 solum
866 2489 899 2548 in
922 2496 1093 2550 transcursu
1115 2492 1340 2550 commemorari

308 2591 445 2666 videtur,
474 2592 589 2651 ratione
611 2592 715 2651 habita
737 2597 767 2650 et
789 2592 950 2668 pudicitiae
974 2598 1005 2651 at
1033 2593 1256 2669 approbationis
1286 2595 1341 2653 ho-

309 2695 432 2757 minum.

394 2800 425 2872 ἓξ
451 2801 596 2856 150.151
621 2796 704 2855 addit
725 2798 761 2856 de
784 2795 918 2855 artificiis
941 2801 971 2857 at
993 2797 1167 2876 quaestibus
1189 2799 1241 2878 qui
1262 2799 1339 2858 libe·

308 2899 383 2959 rales
405 2899 544 2973 habendi,
568 2900 618 2978 qui
642 2899 754 2958 sordidi
776 2899 844 2959 sint.

393 3003 457 3061 Iam
480 3008 514 3061 ut
535 3002 676 3062 universe
699 3002 794 3061 dicam
821 3002 892 3081 quid
924 3002 1066 3062 sentiam:
1096 3004 1255 3064 Panaetius
1283 2998 1340 3080 τήν

309 3099 509 3184 σωφροσύνην
539 3111 568 3163 at
600 3111 726 3184 quatuor
756 3105 883 3165 virtutes
911 3105 981 3164 huic
1012 3106 1160 3166 subiectas
1188 3108 1338 3182 tractavit,

307 3209 409 3268 Cicero
432 3212 530 3266 autem
552 3208 640 3267 huius
662 3208 872 3286 explicationis
901 3208 1054 3284 paululum
1077 3214 1191 3269 tantum
1221 3211 1338 3272 ratione

311 3311 413 3370 habita
436 3312 472 3369 de
491 3313 595 3371 decoro
619 3311 688 3386 egit.
732 3311 858 3370 Accedit
879 3313 943 3372 hoc.
989 3312 1071 3372 Orat.
1094 3316 1125 3388 §fi
1142 3314 1266 3372 70-74
1290 3314 1338 3372 ci-

310 3433 376 3474 caro
393 3413 524 3490 exponit,
549 3415 621 3493 quid
636 3416 675 3473 sit
692 3415 767 3473 illud
782 3412 906 3491 πρέπον,
930 3417 1009 3494 quod
1027 3417 1136 3475 oratori
1158 3419 1337 3477 servandum

307 3517 354 3591 sit,
384 3523 415 3577 ct
444 3516 581 3577 similiter
604 3522 692 3598 atque
721 3519 752 3575 in
779 3517 856 3576 libro
881 3519 898 3575 I
920 3519 969 3578 off.
993 3523 1023 3578 at
1051 3519 1097 3593 id,
1128 3522 1207 3599 quod
1229 3520 1337 3596 pob‘tis,

306 3620 479 3696 pictoribus,
508 3619 711 3692 histrionibus,
741 3626 772 3679 et
792 3619 833 3692 id,
862 3621 941 3699 quod
961 3620 996 3679 in
1017 3621 1081 3681 vita
1102 3625 1264 3682 tenendum
1287 3622 1335 3694 sit,

376 3787 401 3852 1)
418 3789 434 3850 ξ
454 3791 496 3837 141
528 3789 583 3836 loco
609 3766 745 3848 „ornatus“
762 3790 861 3849 ponitur
886 3789 1018 3848 „liberalis
1043 3793 1137 3851 species
1158 3796 1183 3839 at
1200 3792 1334 3852 dignitas“.

375 3879 401 3938 2)
420 3876 495 3936 §131
516 3888 552 3933 sq.
567 3873 653 3922 Cicero
671 3875 780 3922 imitatur
792 3877 974 3936 paragraphum
989 3879 1036 3925 100
1050 3891 1086 3936 sq.
1107 3903 1137 3912 -
1157 3877 1237 3924 Etiam
1256 3879 1333 3939 §141

305 3963 359 4009 init.
377 3959 427 4026 τῆς
445 3956 595 4024 ἐγκρατείας
613 3961 674 4008 illud
691 3967 848 4023 pracceptum
867 3963 962 4024 repetit.

376 4043 401 4116 3)
420 4045 471 4092 Otr.
490 4047 504 4112 ᾖ
525 4047 574 4095 144
592 4061 643 4096 en:
662 4047 778 4108 „inscitia
795 4049 930 4112 temporis“
948 4069 981 4090 =
1001 4040 1111 4116 ἀκαιρία.
