3082 4712
617 309 667 383 -’
703 333 746 402 33
789 371 832 382 ..

203 514 219 584 5
243 514 281 569 52
305 509 399 584 igitur
421 508 523 568 Cicero
547 507 691 568 eiusmodi
713 509 814 569 verbis
835 509 959 587 incipit,
992 509 1078 588 quasi
1106 509 1240 569 ordinem

203 614 236 672 in
252 612 495 672 antecedentibus
518 612 711 672 constitutum
727 617 878 692 sequatur.
916 613 1119 672 Beneficentia
1141 617 1240 673 autem

205 720 236 774 et
256 715 422 776 liberalitas
444 715 476 774 in
506 716 607 793 priore
637 720 722 792 parte
753 715 824 775 libri
856 719 973 776 tantum
1004 719 1020 790 §
1044 721 1083 775 32
1114 735 1241 776 comme·

203 823 368 892 morantur,
391 817 443 876 ubi
465 819 540 878 haec
562 823 648 878 sunt:
676 838 771 897 „quae
794 817 1027 896 (benivolentia)
1050 817 1171 898 quidem
1194 839 1242 878 oa-

203 921 286 997 pitur
308 904 462 980 beneficiis
486 920 630 993 maxime,
653 923 781 981 secundo
805 925 903 982 autem
925 922 989 980 loco
1011 920 1167 980 voluntate
1189 922 1240 979 be-

205 1008 300 1082 nefica
322 1023 526 1082 benivolentia
549 1027 693 1098 movetur,
717 1023 833 1082 etiamsi
855 1043 903 1084 res
918 1025 995 1084 forte
1011 1042 1069 1082 non
1089 1023 1240 1099 suppetit;

205 1128 398 1186 vehementer
421 1132 520 1185 autem
544 1145 626 1184 amor
640 1125 844 1186 multitudinis
860 1129 1064 1187 commovetur
1078 1127 1144 1202 ipsa
1164 1127 1242 1185 fama

208 1234 239 1287 et
260 1227 402 1304 opinione
424 1227 624 1302 liberalitatis,
654 1227 879 1302 beneficentias,
909 1229 1051 1303 iustitiae,
1083 1229 1155 1288 fidei
1179 1249 1240 1287 om·

207 1331 348 1410 niumque
371 1351 471 1390 earum
486 1331 642 1403 virtutum,
666 1351 741 1410 quae
757 1331 911 1406 pertinent
931 1333 969 1390 ad
983 1331 1241 1390 mansuetudinem

206 1453 319 1492 morum
342 1453 376 1494 ac
398 1433 602 1496 facilitatem“.
646 1435 709 1493 Has
731 1438 791 1493 tres
813 1434 953 1507 rationes,
985 1434 1093 1513 quibus
1116 1433 1240 1493 benivo-

207 1535 301 1594 lentia
322 1537 474 1596 hominum
498 1537 564 1613 capi
586 1556 673 1615 posse
696 1535 813 1611 dicitur,
838 1538 971 1597 conferes
993 1557 1060 1597 cum
1083 1538 1153 1609 §45
1173 1555 1238 1614 sqq.

206 1637 277 1697 libri
309 1641 324 1696 Ι
357 1639 405 1696 off.
438 1641 476 1698 H.
508 1640 527 1698 l.
561 1637 734 1721 vidimus1)
768 1639 944 1700 Panaetium
977 1640 1009 1698 in
1043 1637 1241 1700 beneficentia

207 1742 383 1816 praestanda
405 1746 465 1801 tres
487 1763 535 1802 res
558 1745 733 1819 spectandas
756 1763 819 1802 esse
843 1742 990 1817 statuisse,
1017 1743 1145 1803 virtutes
1168 1742 1240 1814 eius,

208 1843 241 1899 in
272 1862 359 1919 quem
389 1843 565 1903 beneficium
595 1846 807 1904 conferendum
837 1845 884 1917 sit,
914 1845 1073 1922 praecipue
1101 1844 1239 1916 leniores,

211 1943 455 2019 benivolentiam,
486 1948 629 2006 beneficia
651 1950 688 2006 ad
710 1953 827 2007 nostras
850 1947 996 2007 utilitates
1027 1952 1095 2007 ante
1126 1946 1241 2007 collata.

210 2047 289 2121 Ergo
312 2045 361 2106 off.
384 2049 479 2107 1132
504 2049 569 2128 ipsa
592 2071 711 2131 quoque
734 2071 773 2109 ex
795 2049 932 2110 Panaetii
955 2050 1031 2110 libro
1054 2049 1194 2128 fiuxit2).

293 2149 385 2208 Porro
408 2153 480 2211 haec
502 2155 705 2230 paragraphus
728 2159 790 2212 arte
813 2154 952 2212 cohaeret
982 2173 1046 2212 cum
1075 2153 1131 2226 eis,
1165 2173 1240 2232 quae

207 2252 239 2324 ἐξ
259 2255 381 2311 11-16
406 2255 581 2314 Panaetium
604 2257 777 2332 exposuisse
800 2256 930 2315 vidimus
953 2255 1090 2315 homines
1111 2255 1240 2315 homini-

207 2353 262 2411 bus
284 2354 445 2429 plurimum
462 2359 611 2432 prodesse,
634 2359 684 2418 vel
706 2359 806 2434 potius
829 2379 896 2417 cum
919 2358 972 2430 eis,
997 2377 1072 2436 quae
1094 2358 1165 2433 §17
1189 2358 1240 2431 in,

210 2461 247 2513 19
271 2447 345 2532 im,¹
363 2463 402 2516 20
428 2479 474 2517 ex.
498 2459 568 2519 inde
591 2461 807 2521 concluduntur
831 2461 945 2520 animos
966 2443 1120 2520 hominum
1142 2461 1266 2520 conci-'

205 2557 323 2617 liandos
347 2565 377 2619 et
407 2561 504 2620 studia
528 2582 628 2639 eorum
652 2565 689 2622 ad
707 2563 853 2623 utilitates
876 2569 990 2623 nostras
1017 2561 1174 2622 allicienda
1196 2569 1239 2623 at·

206 2683 264 2741 que
298 2663 455 2723 excitanda
486 2685 559 2726 esse.
603 2665 714 2726 Aliena
743 2671 840 2727 autem
872 2688 888 2724 a
918 2665 1055 2725 Panaetii
1086 2666 1237 2742 proposito

206 2769 252 2821 est
273 2784 307 2822 ea
331 2766 501 2841 explicatio,
525 2787 583 2844 qua
604 2768 740 2827 homines
762 2769 933 2829 hominibus
952 2765 1112 2844 plurimum
1135 2771 1238 2828 obesse

206 2866 361 2938 dicuntur;
387 2869 465 2925 hanc
488 2868 603 2927 addidit
625 2869 726 2928 Cicero
750 2870 934 2942 Dicaearchi,
958 2871 1149 2945 „deliciarum
1172 2891 1237 2930 sua·

203 2970 334 3046 rum“³),
356 2971 434 3028 libro
458 2974 629 3043 commotus,
656 2991 743 3050 quem
765 2976 780 3046 ᾗ
806 2977 843 3031 16
867 2973 997 3051 affere).
1041 2975 1118 3033 Item
1139 2975 1172 3048 ἐξ
1196 2975 1232 3032 17

206 3091 300 3149 usque
322 3074 360 3132 ad
383 3079 422 3132 20
446 3073 598 3134 Ciceronis
621 3073 740 3151 sunt5).

210 3187 413 3201 *—

276 3227 300 3296 1)
318 3233 349 3281 V.
370 3249 390 3282 s.
408 3250 433 3296 p.
451 3238 491 3284 16.

275 3312 299 3381 2)
320 3316 387 3364 Ordo
405 3320 519 3368 inversus
537 3326 561 3368 et
580 3323 635 3370 loco
648 3322 830 3371 benivolentiae
842 3326 909 3372 notio
928 3325 1069 3383 „beneficae
1081 3326 1234 3373 voluntatis“

207 3400 289 3460 posita
313 3407 357 3460 est,
384 3403 442 3461 quia
459 3405 482 3452 h.
496 3407 511 3452 l.
531 3422 580 3453 non
603 3407 779 3456 beneficentiae
797 3410 967 3468 praestandas,
992 3411 1034 3456 sed
1053 3410 1233 3458 benivolentiae

203 3488 341 3534 movendae
358 3495 491 3551 praecepta
508 3492 609 3550 dantur,
635 3508 684 3540 non
703 3495 733 3540 de
750 3496 891 3554 honestate,
918 3497 961 3543 sed
982 3495 1012 3541 de
1037 3493 1143 3541 utilitate
1163 3510 1232 3554 prae·
1257 3533 1259 3536 .

201 3571 325 3620 scribitur.
361 3577 474 3624 Benefica
490 3583 570 3625 autem
583 3580 699 3627 voluntas
717 3595 732 3626 a
750 3580 918 3628 benivolentia
936 3596 965 3628 eo
981 3581 1069 3639 differt,
1089 3582 1154 3640 quod
1171 3581 1232 3629 haec

200 3662 297 3704 tantum
314 3661 390 3707 animi
407 3661 517 3710 habitum
535 3664 665 3724 significat,
689 3666 733 3712 illa
755 3670 836 3712 autem
861 3665 935 3712 simul
957 3666 983 3712 id
1008 3666 1151 3726 exprimitur
1175 3681 1230 3713 eum

174 3781 177 3786 .
199 3743 311 3791 habitum
330 3745 401 3794 tactis
419 3748 567 3808 quibusdum
585 3752 688 3799 ostendi.

269 3828 295 3892 3)
314 3831 386 3878 Tuae.
406 3833 418 3878 Ι
437 3835 476 3881 Π.

268 3918 296 3975 4)
315 3916 366 3964 cfr.
385 3918 456 3967 Tusa.
475 3919 487 3967 1
506 3921 536 3967 21
556 3924 580 3966 et
597 3920 667 3967 Diels
685 3921 796 3980 Doxogr.
811 3923 869 3969 203.

268 3997 294 4064 3)
312 4000 375 4048 (tum
393 4004 409 4066 ξ
429 4007 460 4053 13
480 4005 524 4052 cfr.
542 4006 625 4064 partit.
644 4009 705 4052 orat.
727 4009 757 4056 76
777 4019 832 4067 sqq.
851 4005 934 4068 (Hein.
954 4007 1032 4067 adu).

1022 4113 1036 4159 3
