3082 4712
627 403 840 466 ..31-

302 579 394 636 Porro
417 576 539 652 eandem
562 574 763 650 partitionem,
787 595 875 653 quam
899 571 915 652 ξ
941 579 976 634 21
1003 574 1137 652 protulit,
1164 574 1180 653 ξ
1205 581 1244 632 22

214 680 332 755 repetit,
364 680 416 738 sed
439 660 486 735 his
510 677 611 737 verbis
634 677 758 753 incipit:
787 677 907 756 „Atque
930 678 1018 737 etiam
1042 678 1193 738 subiciunt
1214 699 1245 738 se

213 783 351 842 homines
373 780 541 855 imperio
564 780 686 840 alterius
715 786 746 839 et
775 780 979 856 potestati
1003 783 1039 839 de
1062 780 1158 840 causis
1181 781 1246 856 plu-

214 885 331 944 ribus“.
386 881 480 962 Atqui
510 880 526 960 ς
553 888 592 941 30
623 883 665 942 in.
690 888 720 942 et
750 889 854 958 eap.9
887 883 929 942 in.
953 883 1111 942 discrimen
1142 883 1248 942 statuit

191 988 293 1056 -inter
321 985 554 1046 benivolentiam
584 985 766 1059 singulorum
796 994 826 1043 et
857 984 1071 1059 multitudinis,
1104 992 1135 1043 et
1165 985 1181 1063 ξ
1206 991 1245 1043 24

154 1126 158 1132 -
213 1088 390 1149 internoscit
412 1087 492 1145 inter
513 1106 560 1144 res
586 1087 717 1162 privatas
740 1093 770 1144 et
799 1106 860 1144 rem
886 1087 1048 1162 publicam,
1081 1086 1159 1146 inter
1182 1087 1245 1159 „in-

216 1191 434 1250 columitatem“
458 1195 489 1248 et
511 1208 605 1264 „opes
628 1187 851 1267 potentiamque
860 1195 885 1247 “.
929 1189 1124 1248 Partitionem
1154 1189 1247 1263 igitur

217 1293 232 1370 ξ
258 1299 294 1351 21
320 1294 464 1369 prolatam
487 1291 637 1367 pertinere
659 1289 764 1366 vu1t1)
787 1292 824 1347 ad
847 1291 982 1350 homines
1014 1290 1161 1368 privatos,
1195 1292 1245 1370 qui

218 1397 289 1454 satis
312 1396 460 1453 habenta
482 1393 585 1469 paucis
608 1392 708 1466 diligi3
739 1392 929 1467 posteriorem
953 1412 1025 1450 vero
1049 1395 1085 1451 ad
1108 1412 1166 1463 eos,
1194 1393 1246 1472 qui

217 1498 290 1557 alios
319 1497 375 1556 sibi
412 1496 563 1569 subicere,
605 1515 675 1571 opes
707 1495 931 1573 potentiamque
962 1494 1087 1570 adipisci
1117 1498 1246 1570 student,

217 1601 323 1679 quibus
345 1601 422 1660 hane
437 1601 474 1657 ob
497 1618 614 1658 causam
638 1597 848 1668 benivolentia,
871 1598 939 1669 fide,
962 1597 1156 1656 admiratione
1172 1598 1246 1656 mul-

215 1703 354 1762 titudinis
377 1722 450 1778 opus
473 1708 526 1760 est.
571 1702 610 1760 Et
632 1706 666 1759 ut
687 1702 761 1758 haee
783 1700 894 1774 gloriae
910 1700 1032 1759 notione
1055 1702 1246 1776 comprehen-

215 1809 335 1873 duntur,
359 1806 402 1862 sic
423 1805 475 1863 illa
495 1804 559 1875 tria,
583 1803 608 1862 si
623 1823 640 1862 a
655 1802 758 1879 paucis
779 1803 959 1873 tribuantur,
983 1801 1098 1862 notioni
1122 1803 1246 1862 familia-

215 1906 316 1965 ritatis
339 1907 386 1965 vel
412 1905 558 1965 amicitiae
581 1907 816 1980 subiciuntur2).
961 1885 964 1890 Ι

304 2009 418 2067 Omissa
440 2009 531 2083 igitur
553 2010 684 2068 amicitia
707 2009 808 2067 Cicero
830 2007 901 2066 inde
925 2029 943 2067 a
965 2008 1062 2084 eapite
1083 2013 1101 2066 9
1125 2003 1188 2083 agit
1210 2009 1246 2067 de

216 2112 309 2186 gloria
332 2119 361 2171 et
384 2113 503 2190 quidem
527 2111 562 2191 §ss
581 2118 705 2172 32-38
724 2112 858 2188 exponit,
883 2113 991 2190 quibus
1013 2113 1101 2169 rebus
1124 2112 1247 2169 benivo-

214 2215 351 2286 lentiam,
382 2216 486 2286 fidem,
518 2216 744 2274 admirationem
774 2214 976 2272 multitudinis
998 2233 1166 2290 comparare
1188 2213 1247 2272 sibi

216 2318 282 2396 quis
305 2318 446 2393 possitss).
491 2319 530 2376 Et
560 2338 625 2375 cum
654 2317 707 2376 illa
736 2317 794 2375 tria
825 2315 922 2374 omnia
952 2315 1068 2376 iustitia
1100 2316 1246 2388 conficiat,
1324 2299 1328 2306 Ι

215 2419 250 2497 §S
268 2425 394 2478 39—42
417 2420 608 2493 demonstrat,
633 2440 719 2499 quam
742 2419 801 2478 late
823 2421 896 2477 haec
911 2418 1008 2478 virtus
1029 2426 1138 2494 pateat.
1183 2420 1246 2478 Iam

212 2530 369 2600 postquam
392 2523 427 2579 de
451 2521 545 2595 gloria
567 2523 736 2600 quaerenda
754 2521 865 2581 dietum
888 2527 943 2592 est,
966 2521 1002 2578 de
1026 2522 1129 2579 eadem
1152 2521 1243 2580 collo·

212 2626 305 2683 canda
328 2623 434 2698 agitur,
455 2623 475 2684 i.
492 2642 517 2681 e.
541 2632 700 2701 praecepta
723 2626 839 2697 dantur,
867 2643 942 2702 quae
965 2624 1002 2681 ad
1024 2622 1243 2682 institutionem

212 2726 293 2786 vitae
316 2726 480 2787 eommunis
502 2734 647 2804 spectant.

299 2831 377 2905 Ergo
402 2848 495 2907 usque
526 2832 562 2888 ad
594 2829 610 2907 ξ
635 2836 671 2888 51
707 2829 863 2906 dispositio
894 2836 962 2888 ante
995 2827 1156 2887 constituta
1187 2847 1243 2886 ser-

213 2936 310 3005 vatur,
330 2951 508 3010 quamquam
531 2951 589 2991 non
612 2931 851 3007 diligentissime.
897 2931 955 2989 Sed
976 2931 1047 2988 inde
1070 2951 1086 2988 a
1110 2929 1125 3008 ἓ
1147 2935 1186 2988 52
1209 2932 1247 2990 de

213 3034 409 3095 beneficentia
432 3042 462 3094 et
477 3036 513 3094 de
528 3033 709 3094 liberalitate
730 3035 793 3108 agit
808 3035 920 3106 (liuere,
944 3053 1123 3112 quamquam
1143 3034 1246 3091 harum

214 3134 358 3195 virtutum
379 3137 413 3196 in
435 3137 487 3197 illa
502 3137 651 3200 divisione
674 3157 728 3196 neo
743 3137 812 3196 vola
834 3157 888 3196 nec
904 3136 1064 3211 vestigium
1081 3143 1135 3194 est.
1179 3135 1248 3194 Dis·

216 3233 296 3291 cedit
314 3237 405 3308 igitur
426 3240 504 3298 liber
525 3242 560 3300 Π
587 3242 618 3300 in
642 3243 714 3300 duas
743 3248 857 3318 pertss;
887 3240 1041 3299 videamus
1073 3241 1109 3297 de
1136 3237 1246 3315 priore.

301 3337 429 3397 Eaedem
450 3341 542 3415 igitur
565 3343 650 3422 quasi
679 3351 788 3420 partes,
817 3363 856 3402 ex
886 3342 994 3422 quibus
1024 3362 1094 3402 vere
1116 3341 1247 3402 amicitia

216 3560 281 3612 sunt,
300 3560 328 3602 ut
345 3558 417 3604 etiam
435 3573 487 3618 cap.
508 3562 589 3620 dsqq.
607 3563 783 3609 demonstrant.
819 3561 881 3608 'rum
894 3561 957 3608 bene
970 3561 1122 3622 respondent
1139 3563 1201 3609 inter
1219 3577 1246 3609 se

215 3641 279 3689 ratio
299 3646 311 3689 1
331 3647 355 3690 et
372 3645 397 3704 4,
422 3646 531 3708 Munna
548 3643 573 3710 3)
592 3652 617 3693 et
635 3648 658 3705 ὅ,
686 3643 795 3710 3(nunc
813 3650 840 3706 2)
859 3653 883 3694 st
902 3649 925 3702 6,
950 3650 1039 3694 cuma
1065 3651 1089 3694 et
1115 3649 1130 3696 ὁ
1156 3647 1187 3694 ad
1206 3662 1245 3694 res

216 3727 317 3786 suturas,
336 3729 351 3776 3
370 3734 394 3776 et
413 3733 427 3779 6
445 3732 534 3780 adres
552 3733 697 3791 praeteritas
714 3733 756 3780 vel
772 3738 916 3792 praesentes
934 3733 1082 3792 pertineant.

215 3875 217 3878 Ι
286 3814 311 3877 1)
330 3813 377 3862 Sed
396 3831 420 3862 v.
439 3818 504 3865 infra
520 3833 545 3879 p.
564 3821 605 3868 et,

284 3903 310 3960 ἓ)
329 3901 344 3962 5
363 3904 450 3961 eosq.

285 3984 311 4050 d)
328 3988 389 4048 §35
407 3989 433 4036 in
452 3993 597 4038 transcursu
614 3989 734 4037 rationem
747 4003 818 4036 suam
831 3989 863 4036 ad
880 3990 1013 4050 populares
1028 3989 1157 4050 opiniones
1169 3989 1246 4050 adap-

215 4074 292 4118 tatam
310 4072 429 4127 defendit.
