3082 4712
656 325 846 390 ,7-

398 497 456 559 off.
479 500 496 557 Ι
517 518 542 559 c.
566 504 596 559 4.
865 500 933 560 Fin.
948 501 982 559 11
1003 501 1186 582 Qec-47.

245 601 323 660 tiens
356 601 549 676 praeteritum
583 610 634 662 aut
666 603 746 662 lutu-

245 723 323 776 rum;
350 705 438 763 homo
462 709 570 777 autem,
598 705 678 783 quod
699 723 745 762 ra·
848 705 993 766 rationem
1008 707 1121 767 habent
1135 714 1273 770 enatura

243 805 334 864 tionis
350 811 397 865 est
411 807 569 882 particeps,
588 825 642 883 per
657 826 743 885 quam
772 808 868 866 datum
880 813 1069 887 mentemque
1080 829 1176 869 acrem
1188 817 1218 870 et
1228 812 1272 872 vi·

243 908 458 987 consequentia
496 908 606 981 cernit,
643 927 745 969 causas
771 915 888 984 gentem
901 909 1114 991 celerrimeque
1129 911 1271 972 multaci-

242 1029 341 1069 rerum
363 1011 447 1070 videt
770 1011 832 1069 mul
845 1013 1007 1087 agitantem
1019 1019 1057 1087 et,
1069 1020 1104 1073 nt
1113 1015 1156 1072 ita
1167 1015 1270 1088 dicam,

772 1132 913 1188 sagacem,
930 1110 1008 1194 quoe¹
1016 1097 1047 1176 et
1056 1135 1158 1176 causes
1172 1137 1270 1176 rerum

772 1220 802 1274 et
823 1217 1046 1278 consecutiones
1068 1219 1170 1279 videat

244 1336 403 1394 earumque
418 1337 607 1394 praegressus
619 1323 650 1378 et
661 1318 745 1398 quasi

244 1419 460 1480 antecessiones
508 1441 569 1479 uon
616 1421 743 1496 ignoret,

242 1522 449 1582 similitudines
471 1528 623 1600 comparat
770 1531 800 1582 et
822 1523 1032 1584 similitudines
1057 1527 1218 1588 transferat
1240 1534 1271 1586 et

594 1627 743 1706 rebusque
770 1625 917 1686 disiuncta
950 1628 1110 1704 coniungat
1143 1635 1173 1688 et
1203 1649 1269 1689 cum

239 1729 447 1804 praesentibus
481 1728 620 1802 adiungit
652 1733 742 1808 atque
767 1729 974 1803 praesentibus
1013 1731 1113 1790 futura
1152 1731 1272 1808 copulet

241 1832 372 1890 adnectit
393 1831 518 1904 futuras,
540 1830 627 1890 facile
649 1831 741 1890 totius
768 1848 944 1910 omnemque
981 1833 1194 1908 complectatur
1224 1835 1270 1896 vi·

240 1933 319 1991 vitae
342 1952 459 1992 cursum
481 1933 565 1994 videt
595 1935 631 1991 ad
662 1952 740 1992 eam·
767 1937 815 1990 tae
838 1934 1047 2014 consequentis
1069 1940 1187 1996 etatum.

241 2055 299 2114 que
322 2036 485 2111 degendam
507 2041 665 2113 praeperat
693 2055 740 2095 res

240 2127 428 2197 necessarios.

304 2244 319 2316 ᾖ
348 2246 394 2300 12.
438 2241 609 2321 Eademque
636 2245 742 2300 natura
1097 2243 1267 2323 Eodemque

240 2343 270 2404 vi
286 2344 410 2403 rationis
429 2343 580 2403 hominem
604 2344 743 2404 conciliat
766 2342 842 2401 ratio
857 2343 930 2403 fecit
948 2344 1099 2403 hominem
1114 2344 1267 2402 hominum

240 2446 354 2503 homini
379 2446 464 2504 etad
486 2447 629 2506 orationis
652 2453 682 2506 et
704 2449 739 2506 ad
766 2450 955 2520 appetentem
968 2465 1094 2526 cumque
1108 2445 1147 2504 iis
1161 2451 1268 2504 nature

240 2547 320 2607 vitae
336 2548 506 2606 societatem
525 2547 740 2628 ingeneratque
767 2553 798 2605 et
819 2566 954 2606 sermone
977 2554 1007 2607 et
1023 2567 1079 2606 usu
1101 2567 1266 2622 congruen-

239 2649 271 2707 in
296 2649 400 2726 primis
427 2650 616 2726 praecipuum
648 2671 740 2730 quen·
766 2655 840 2724 tem,
871 2655 905 2708 ut
932 2649 1083 2726 profectus
1104 2669 1123 2708 a
1143 2649 1266 2710 caritate

240 2754 305 2811 dam
328 2772 456 2811 amorem
471 2754 504 2811 in
520 2772 579 2826 eos,
603 2754 654 2834 qui
671 2773 739 2828 pro·
765 2751 993 2812 domesticorum
1016 2771 1050 2812 ac
1065 2772 1184 2810 snorum
1205 2772 1265 2812 ser·

238 2854 327 2913 creati
360 2860 443 2927 sunt,
473 2855 676 2935 impellitque,
705 2863 740 2916 ut
765 2859 817 2928 pat
853 2853 971 2929 longius
1005 2859 1036 2914 ct
1064 2852 1098 2914 ¹se
1133 2855 1267 2932 implicet

238 2955 390 3015 hominum
421 2962 522 3016 coetus
549 2963 580 3018 et
609 2957 739 3019 celebra·
764 2956 892 3032 primum
917 2956 1036 3029 civium,
1066 2956 1173 3016 deinde
1203 2977 1264 3016 om-

237 3059 335 3118 tiones
357 3064 388 3119 et
409 3078 474 3119 esse
503 3065 573 3120 eta
601 3081 632 3120 sc
662 3063 737 3121 obiri
765 3058 847 3117 nium
870 3058 1037 3119 mortalium
1060 3060 1201 3119 societate

237 3162 312 3220 velit
326 3163 364 3220 ob
380 3181 488 3242 easque
504 3182 606 3223 causas
622 3165 739 3225 studeat

238 3283 341 3339 parare
367 3285 411 3339 ea,
441 3284 517 3346 quae
547 3268 739 3344 suppeditent

240 3368 275 3424 ad
303 3366 413 3426 cultum
436 3369 525 3428 etad
547 3370 659 3429 victum
682 3389 738 3429 neo
1164 3374 1263 3449 etque,

762 3473 797 3529 ut
807 3470 844 3528 ad
857 3471 1020 3548 Archytam
1036 3469 1156 3545 scripsit
1167 3469 1262 3544 Plato,

237 3571 293 3632 eibi
316 3573 381 3650 soli,
762 3571 902 3632 nonsibi
932 3591 964 3631 se
994 3572 1048 3630 soli
1075 3576 1178 3631 natum
1201 3591 1262 3631 me·

684 3676 736 3735 sed
761 3674 890 3748 minerit,
912 3675 963 3732 sed
985 3675 1109 3750 patriae,

236 3778 369 3854 coniugi,
415 3780 519 3838 liberis
562 3777 748 3922 ceterisqueq
987 3777 1039 3835 sed

236 3898 310 3959 quos
343 3900 425 3942 curos
458 3883 568 3942 habeat
598 3881 735 3959 tuerique
976 3878 1046 3952 suis,

236 3983 356 4062 debeat;
746 3923 749 4060 Ι
874 3986 908 4041 ut
929 3982 1093 4061 perexigua
1114 4001 1182 4060 pars
1203 3983 1262 4063 ipsi
