3082 4712
684 343 899 410 ..36-

270 521 340 596 sint,
363 518 527 579 diiudicare
550 538 610 578 non
633 537 762 595 possum.
801 517 928 577 Tantum
949 516 1095 575 affirmare
1118 534 1204 591 posse
1226 513 1301 572 mihi

271 625 375 684 videor
404 642 466 694 eas,
498 640 573 700 quae
604 625 620 696 ξ
644 626 682 679 53
715 639 753 678 ex
785 619 915 696 epistula
945 619 1071 697 quadam
1099 616 1236 695 Philippi
1265 617 1303 674 cd

272 727 476 786 Alexandrum
498 727 566 797 ετξ
592 729 629 782 56
654 743 692 781 ex
713 721 887 782 Aristotelis
917 722 1017 800 aliquo
1041 720 1195 796 deperdito
1224 719 1303 778 libro

271 829 454 889 adverbum
485 845 643 903 expressae
671 825 846 898 afferuntur,
875 825 1008 902 itemque
1038 842 1095 895 eas,
1129 841 1203 901 quae
1232 821 1305 880 inde

272 931 415 1008 pendent,
439 948 478 987 ex
500 928 578 987 libro
601 929 652 986 III
675 923 743 1006 περὶ
765 928 820 986 τοῦ
841 918 1031 1003 καθήκοντος
1052 924 1187 985 fluxisse.

705 1212 796 1280 Pars
819 1211 870 1280 Π.

507 1338 532 1396 Ι.
568 1338 620 1395 De
641 1336 745 1395 libro
769 1336 813 1394 de
836 1334 997 1395 officiis
1019 1336 1076 1394 ΙΙΙ.

359 1457 492 1517 Primum
510 1457 711 1535 quaerendum
726 1461 780 1527 ast,
802 1475 874 1514 num
896 1475 1011 1515 sumere
1030 1455 1119 1515 liceat
1134 1455 1305 1515 Ciceronem

274 1561 307 1619 in
329 1562 386 1619 hoc
401 1559 478 1619 libro
495 1559 698 1634 componendo
714 1577 752 1616 ex
768 1578 826 1616 uuo
845 1559 1007 1637 eodemque
1022 1559 1105 1617 fonte
1127 1556 1306 1633 hausisse¹).

273 1667 289 1736 ξ
310 1666 349 1720 34
373 1661 468 1737 igitur
489 1661 554 1737 ipse
576 1660 651 1720 dicit
672 1679 703 1720 se
726 1660 817 1719 nullis
839 1660 1037 1735 adminiculis,
1060 1662 1113 1720 sed
1134 1663 1231 1722 Marte
1253 1680 1306 1719 suc

274 1772 388 1841 partem
410 1763 587 1822 aPanactio
609 1761 743 1822 relictam
767 1762 955 1838 expleturum
977 1783 1042 1823 esse
1065 1768 1095 1823 et
1117 1783 1234 1822 oausam
1255 1765 1308 1821 ad·

274 1867 328 1941 dit,
359 1867 438 1947 quod
460 1873 529 1941 post
557 1864 641 1924 illurn
674 1865 711 1924 de
739 1866 796 1924 hac
824 1869 909 1942 parts
940 1864 1017 1923 nihil
1047 1865 1227 1942 explicatum
1258 1865 1308 1937 sit,

275 1971 356 2049 quod
377 1969 435 2027 sibi
457 1969 642 2044 probaretur.
686 1967 744 2025 His
766 1967 867 2026 verbis
896 1987 957 2026 ncn
989 1973 1035 2027 est
1063 1988 1115 2026 cur
1135 1969 1224 2027 fidem
1247 1987 1307 2025 non

275 2073 446 2130 habeamus.
484 2070 609 2128 Accedit
631 2070 710 2147 quod
732 2070 813 2128 nullo
836 2069 900 2128 leco
916 2070 1044 2145 vestigia
1065 2071 1225 2129 meditatae
1247 2069 1309 2129 dis-

278 2171 437 2251 positionis
460 2178 612 2247 apparcnt.
649 2171 707 2228 Sed
724 2171 932 2246 gravissimum
947 2179 1153 2247 argumentum
1174 2175 1232 2233 hcc
1247 2179 1307 2234 est:

278 2278 293 2350 5
318 2280 357 2333 89
380 2293 446 2352 sqq.
469 2273 549 2332 enim
572 2273 744 2350 exponitur,
768 2273 841 2353 quid
862 2276 900 2334 ds
923 2275 1123 2351 compluribus
1146 2275 1249 2348 causis,
1274 2275 1305 2333 in

280 2377 388 2458 quibus
410 2375 525 2436 utilitas
550 2375 700 2436 honestati
730 2380 919 2452 repugnaret,
950 2378 1077 2438 senserit
1099 2379 1228 2451 Hecat03
1258 2379 1313 2436 sed

278 2500 317 2540 nc
339 2481 414 2540 haec
436 2480 555 2557 quidem
578 2478 677 2537 cm'nia
699 2478 736 2536 ad
762 2480 841 2537 hunc
871 2499 962 2538 unum
993 2480 1204 2557 philosophum
1225 2499 1312 2542 revo-

280 2582 340 2642 cari
362 2588 497 2659 possunt.
542 2581 586 2640 De
609 2580 652 2640 eis
683 2581 762 2639 enim
785 2581 890 2654 causis,
922 2602 998 2661 quac
1029 2586 1044 2656 ᾗ
1068 2588 1105 2642 91
1138 2588 1311 2653 tractantur,

280 2685 430 2759 Diogenes
453 2686 483 2741 et
505 2681 666 2758 Antipater
696 2681 778 2741 inter
806 2702 838 2766 se
860 2683 1035 2744 dissensisse
1065 2686 1212 2746 dicuntur.
1257 2689 1313 2742 At·

282 2805 339 2866 que
362 2783 468 2844 similis
489 2787 595 2844 horum
615 2784 781 2844 Stoicorum
805 2785 949 2846 dissensio
973 2787 1062 2846 etiam
1091 2791 1107 2863 ξ
1132 2793 1169 2847 50
1193 2807 1259 2866 sqq.
1282 2791 1314 2846 et

282 2893 323 2949 54
354 2907 418 2966 sqq.
451 2893 702 2948 commemoratur.
755 2888 840 2946 Unde
871 2891 1041 2949 conclusum
1072 2895 1118 2950 cst
1148 2893 1202 2949 hes
1231 2890 1314 2949 locos

283 3011 385 3051 omnes
409 3009 447 3051 ex
469 2990 633 3050 Hecatonis
660 2989 736 3049 libro
764 2990 898 3054 fluxisse.
942 2993 999 3052 seu
1021 3013 1122 3052 causas
1143 2997 1175 3068 ἕξ
1199 2997 1248 3052 89.
1272 2997 1313 3050 90

282 3093 449 3170 propositas
480 3092 679 3152 minutissime
711 3097 819 3152 tractat
855 3095 1133 3175 accuratissimeque
1170 3095 1315 3154 diiudicat

284 3195 408 3267 Hecate,
431 3197 512 3268 §91‚
538 3199 576 3253 50
593 3215 669 3273 sqq,
694 3200 732 3252 54
748 3215 814 3273 sqq.
837 3196 908 3254 satis
930 3199 1021 3256 habet
1039 3197 1188 3257 Ciceronis
1211 3201 1314 3256 auctor

283 3297 427 3371 Diogenis
450 3301 481 3356 et
502 3295 655 3372 Antipatri
677 3296 840 3356 sententias
861 3297 943 3358 inter
964 3318 995 3358 se
1018 3319 1168 3377 opponere
1190 3299 1314 3376 proprio

283 3399 394 3460 iudicio
416 3419 477 3459 non
499 3399 609 3462 addito.
663 3398 761 3462 Quare
783 3399 885 3460 Oicerc
916 3401 982 3476 ipsc
1012 3422 1064 3461 suo
1094 3403 1218 3462 arbitrio
1249 3421 1314 3460 rem

286 3502 438 3562 diiudicat.
493 3504 585 3563 Porro
615 3503 714 3575 verba,
748 3522 824 3580 quae
857 3508 978 3563 exstant
1008 3508 1024 3578 ᾗ
1048 3509 1086 3563 56
1117 3525 1181 3564 ex.:
1212 3525 1316 3564 causas

286 3610 355 3665 ante
377 3611 516 3665 tractatas
531 3625 590 3664 non
605 3606 672 3664 ideo
690 3625 721 3662 se
745 3605 940 3684 (Ciceronem)
964 3607 1146 3683 exposuisse,
1168 3612 1203 3666 ut
1224 3626 1316 3685 quae·

286 3714 380 3781 reret,
418 3710 471 3767 sed
502 3714 536 3767 ut
567 3707 744 3784 explicaret,
781 3708 977 3784 suspicionem
1010 3716 1132 3769 movent
1164 3710 1315 3770 Ciceronis

357 3926 384 3993 1)
402 3930 456 3977 Hoc
472 3942 518 3989 pro
536 3930 664 3988 explorato
679 3929 771 3977 habant
787 3931 888 3990 Teuffel,
906 3931 1037 3980 ltt‘mischa
1049 3929 1317 3992 Literaturgeschichte

288 4029 313 4076 p.
332 4015 391 4075 ³43,
411 4015 497 4062 Hirzcl
514 4016 531 4064 l.
545 4029 567 4062 e.
584 4028 608 4075 p.
627 4016 676 4064 726
694 4029 748 4077 sqq.
