3082 4712
622 389 835 453 „21-

208 563 275 623 loco
290 563 373 622 XIII
389 567 428 622 28
446 563 555 623 collato
572 562 809 641 cognovimusl).
847 562 1009 624 Panaetius
1032 567 1131 624 autem
1154 584 1240 643 prae·

210 665 294 744 cipit,
317 671 352 725 ut
373 665 612 743 praeparati
636 665 736 739 simus,
760 687 798 725 ne
820 665 853 725 in
875 669 965 726 rebus
984 666 1099 745 asperis
1121 671 1239 745 pertur-

209 771 315 828 bemur
336 771 388 831 vel
410 769 447 827 de
471 768 565 844 gradu
588 767 758 827 deiciamur.
810 770 894 828 Haec
917 774 984 828 sent
986 789 1022 828 en
1024 768 1068 828 tia
1090 771 1170 844 apud
1192 769 1239 828 ui-

210 892 348 931 ceronem
379 871 498 930 invenit
499 892 536 931 ur
569 870 585 950 5
619 871 657 929 73
690 891 736 930 ex.
768 869 817 930 his
848 870 950 932 verbis
984 891 1183 948 expressa:,
1186 872 1239 945 ,In

209 973 350 1034 omnibus
381 973 525 1048 negotiis,
559 973 734 1053 priusquam
767 973 956 1048 aggrediare,
990 972 1161 1034 adhibenda
1194 979 1241 1032 est

208 1077 400 1156 praeparatio
422 1076 587 1150 diligens“.
632 1075 685 1134 Eis
708 1079 819 1148 autem,
850 1095 926 1156 quse
957 1078 1035 1136 hanc
1058 1076 1239 1136 sententiam

209 1181 399 1252 antecedunt,
423 1184 525 1237 monet
544 1177 657 1250 Cicero,
680 1197 718 1237 ne
741 1177 845 1252 ignavi
861 1177 953 1236 simus
976 1185 1028 1237 aut
1051 1179 1153 1256 cupidi
1175 1179 1196 1238 i.
1213 1201 1237 1239 e.

208 1289 243 1342 t
258 1303 308 1343 ers
318 1281 410 1341 animi
427 1279 706 1359 perturbationibus
728 1278 857 1340 liberi
835 1300 935 1353 simus,
958 1300 1034 1360 quae
1049 1282 1087 1340 ad
1103 1282 1238 1342 futurum

208 1392 326 1462 tempus
348 1383 503 1462 pertinent
515 1381 553 1458 )9.
598 1381 746 1441 Ultimum
773 1382 912 1442 enuntiat
914 1403 963 1442 um
992 1383 1174 1461 paragraphi
1198 1389 1237 1444 80

206 1488 303 1564 igitur
335 1486 484 1546 artissime
516 1487 657 1545 cohaeret
686 1505 751 1545 oum
784 1485 799 1564 ἓ
824 1485 862 1544 73
887 1506 934 1547 ex.
964 1484 980 1563 ᾖ
1006 1491 1044 1544 80
1069 1506 1115 1546 ex.
1138 1492 1238 1547 autem
1341 1553 1343 1559 ,

209 1590 370 1651 Panaetius
392 1591 543 1666 improbat
573 1589 697 1648 alteram
727 1609 830 1648 earum
856 1587 1130 1667 perturbationum,
1162 1609 1238 1669 quae

209 1697 246 1755 ad
268 1714 409 1772 praesens
432 1698 550 1770 tempus
566 1696 712 1768 spectant,
736 1691 972 1767 aegritudinem
996 1693 1032 1751 de
1050 1693 1155 1766 altera,
1176 1693 1238 1752 lae-

208 1797 286 1870 titia,
309 1801 411 1857 monet
434 1796 449 1874 ξ
475 1801 524 1858 90.

294 1899 359 1958 Ηιο
386 1904 455 1958 sunt
442 1899 623 1958 tdilneerat
611 1903 658 1957 tae
687 1896 832 1976 reliquiae
864 1897 1071 1972 explicationis
1093 1899 1237 1958 Panaetii.

209 2004 248 2062 Et
235 2003 388 2081 tquidem
411 2001 531 2077 proprie
562 2001 604 2060 eis
632 2001 762 2060 illustt
704 2005 762 2060 ttra
763 2019 799 2058 ur
820 1999 901 2059 notio
924 1993 985 2074 τῆς
1007 1999 1236 2078 μεγαλοψυχίας,

209 2123 285 2185 quae
317 2109 362 2163 est
392 2094 594 2180 ἐπιστήμη*
574 2097 714 2182 οπεράνω
746 2103 876 2160 ποιοῦσα
905 2102 965 2159 τῶν
997 2094 1176 2176 πεφυκότων
1207 2099 1238 2162 ἒν

208 2205 385 2276 σπουδαίοις
406 2227 436 2264 τε
458 2205 590 2285 γίνεσθαι
614 2201 662 2263 και
688 2197 859 2281 φαύλοιςι).
905 2205 961 2263 Sed
979 2205 1139 2264 Panaetius
1161 2206 1237 2266 hanc

207 2311 358 2369 notionem
385 2309 550 2369 accuratius
573 2307 789 2367 determinavit.
844 2308 920 2365 Nam
942 2308 1141 2382 fragmentum
1163 2308 1236 2367 illud

206 2413 342 2472 aGellio
366 2416 514 2471 servatum
538 2411 656 2469 initium
687 2409 766 2485 capit
793 2411 829 2467 ab
858 2408 906 2467 his
927 2409 1042 2468 verbis:
1072 2408 1162 2482 „Vita
1183 2412 1236 2469 ho-

207 2518 329 2589 minum,
353 2515 404 2594 qui
428 2520 554 2574 aetatem
576 2515 608 2570 in
625 2513 721 2570 medio
737 2531 834 2570 rerum
847 2516 950 2585 ¹agunt
971 2530 1013 2570 ao
1033 2511 1111 2579 sibi
1135 2513 1236 2572 euis-

207 2638 279 2697 que
302 2637 386 2677 esse
409 2617 498 2676 usui
520 2616 688 2678 volunt“
711 2634 777 2694 sqq.
823 2616 863 2672 Et
884 2614 986 2673 (licere
1011 2615 1060 2674 off.
1085 2615 1102 2671 I
1128 2615 1164 2672 17
1192 2617 1236 2673 of·

207 2721 274 2780 ficia
295 2719 507 2795 magnitudinis
530 2719 620 2778 enimi
642 2720 699 2777 hoo
721 2718 808 2776 modo
824 2717 981 2776 describit:
1003 2722 1057 2791 „ut
1072 2761 1078 2777 .
1096 2763 1104 2780 .
1120 2760 1128 2776 .
1144 2717 1235 2776 animi

206 2823 383 2882 excellentia
405 2823 637 2901 magnitudoque
660 2840 726 2880 cum
750 2821 780 2877 in
811 2819 953 2894 augendis
983 2820 1089 2894 opibus
1118 2819 1235 2877 utili-

206 2927 442 3005 tatibusque
474 2929 513 2983 et
500 2924 622 2983 tsibi
655 2928 693 2982 et
725 2922 811 2982 suis
842 2921 1138 2997 comparandis,
1172 2928 1235 2981 tum

206 3030 298 3088 multo
323 3029 417 3104 magis
446 3028 477 3085 in
508 3027 592 3086 his
584 3026 658 3102 ipsis
688 3024 885 3101 despiciendis
915 3023 1056 3082 eluceat‘.
1100 3024 1234 3082 Panaetii

205 3131 297 3204 igitur
318 3131 465 3191 sententia
487 3129 658 3205 magnitudo
687 3127 778 3187 animi
806 3146 907 3186 eorum
938 3125 1092 3184 hominum
1114 3126 1236 3202 propria

207 3236 259 3302 est,
282 3233 334 3310 qui
357 3233 413 3292 sibi
436 3234 555 3312 suisque
579 3253 642 3292 esse
665 3232 731 3292 usui
753 3231 868 3304 volunt,
892 3247 985 3308 eaque
1008 3228 1109 3303 efficit,
1135 3234 1169 3288 ut
1190 3229 1235 3286 illi

205 3333 460 3392 vicissitudinibus
493 3336 631 3394 fortunae
668 3339 720 3393 aut
754 3331 1029 3410 perturbationibus
1061 3331 1131 3389 inde
1163 3331 1235 3392 ortis

206 3454 265 3492 non
289 3456 307 3494 a
328 3437 480 3511 proposito
503 3442 683 3509 avertantur,
707 3437 737 3494 id
761 3437 838 3515 quod
858 3435 959 3494 Cicero
984 3432 999 3510 ξ
1019 3431 1056 3492 17
1080 3434 1234 3493 nonsatis
1259 3509 1262 3516 1

206 3539 279 3598 οοιιο
302 3536 452 3613 exprimit.
495 3538 534 3596 In
565 3539 744 3599 utilitatibus
766 3543 865 3596 autem
888 3542 919 3596 et
940 3535 997 3596 sibi
1020 3539 1050 3594 et
1072 3536 1133 3595 suis
1155 3555 1232 3594 oom-

204 3640 343 3718 parandis
366 3639 464 3716 posita
485 3644 530 3699 est
551 3640 614 3700 vita
636 3641 747 3714 activa,
780 3639 827 3698 cui
850 3639 987 3715 opposita
1013 3642 1059 3697 est
1080 3637 1143 3698 vita
1165 3657 1254 3723 con·-

275 3815 286 3858 1
318 3812 348 3856 V.
366 3825 385 3858 s.
423 3812 518 3858 .4s.

276 3808 302 3958 tl
319 3824 421 3955 Verba?
435 3825 573 3956 quaeqsnnt
590 3894 682 3955 „nimis
698 3894 831 3955 confidam,
854 3894 898 3942 cfr.
918 3908 973 3941 cum
992 3894 1035 3952 eis,
1060 3891 1149 3952 quibas
1167 3893 1182 3953 ξ
1200 3893 1232 3940 90

204 3983 281 4031 utitur
297 3984 437 4041 Panaetius,
456 3982 521 4042 „sibi
540 3981 728 4042 praefidentes“.

275 4067 299 4138 3)
320 4069 387 4118 Stob.
407 4069 451 4118 ecl.
469 4070 493 4118 Il
513 4070 553 4129 61,
575 4069 607 4116 lb
625 4068 665 4120 W.
