3082 4712
704 331 917 404 -34-

378 507 498 582 Restat,
528 514 563 569 ut
592 509 760 584 videamus,
793 511 938 590 quomodo
969 507 1132 570 Panaetius
1162 506 1325 570 sententias

293 616 364 686 §32
388 611 554 691 propositas
576 613 740 674 accuratius
763 612 970 690 explicaverit.
1014 611 1086 672 Eius
1107 631 1216 672 nomen
1238 611 1325 670 affer·

193 771 195 776 ,
293 719 343 774 tur
365 719 380 789 ξ
405 721 442 774 51
468 736 497 792 p.
519 715 599 790 m.1),
630 721 670 775 60
695 737 742 790 m.‚
777 718 826 777 76.
869 717 958 793 §76,
979 715 1031 775 nbi
1054 714 1213 776 Panaetius
1236 713 1328 774 absti-

293 819 426 880 nentiam
449 818 584 878 Africani
605 819 741 878 laudasse
764 819 883 894 dieitur,
909 821 945 878 ad
968 817 1086 878 tertiam
1108 823 1224 894 partem
1245 815 1324 878 diri-

294 919 386 980 sionis
408 924 423 994 ᾗ
447 926 487 982 32
510 921 651 997 pertinet.
695 921 740 980 De
762 924 834 995 §60
858 942 888 983 v.
912 941 934 982 s.
957 926 1021 998 p.3
1044 940 1089 998 sq.
1134 919 1230 978 Etiam
1253 919 1327 978 baeo

295 1024 332 1082 ad
348 1022 467 1082 tertiam
481 1027 598 1098 partem
611 1029 746 1099 speetare
760 1023 918 1092 videntur:
938 1021 1130 1100 praecipitur,
1149 1040 1224 1099 quae
1247 1021 1327 1080 aedi-

293 1125 361 1184 fioia
384 1127 421 1184 ad
443 1125 653 1186 liberalitatem
669 1129 883 1188 ostendendam
900 1132 977 1203 apta,
1002 1145 1077 1204 quae
1095 1145 1156 1185 non
1171 1129 1242 1201 apta
1257 1122 1323 1181 sint

294 1231 310 1302 ξ
334 1232 371 1286 bl
405 1248 442 1286 m.
474 1228 577 1288 Oioero
610 1234 737 1290 testatur
767 1229 944 1295 Panaetium
975 1227 1088 1288 dixisse
1119 1226 1228 1286 iudicis
1263 1243 1326 1285 essa

295 1349 411 1407 semper
433 1330 466 1390 in
489 1331 584 1390 oauais
605 1351 712 1392 verum
734 1331 829 1411 sequi,
852 1330 971 1408 patroni
993 1349 1054 1389 non
1077 1349 1238 1406 numquam
1260 1327 1326 1388 veri

295 1432 400 1507 simile,
424 1433 513 1493 etiam
536 1433 561 1492 si
583 1433 682 1494 minus
706 1433 746 1493 sit
760 1453 872 1506 verum,
896 1434 1065 1492 defendere.
1102 1432 1213 1494 Eodem
1229 1430 1326 1506 eapite

293 1539 309 1610 ᾗ
334 1541 372 1594 48
396 1555 558 1609 monemur,
582 1542 616 1595 ut
638 1536 775 1596 comitate
799 1535 1043 1614 adfabiliteteque
1066 1533 1209 1595 sermonis
1230 1533 1327 1590 horni-

295 1659 365 1696 num
400 1637 513 1699 animos
544 1638 743 1713 consiliemus,
775 1643 806 1698 et
837 1637 1073 1699 testimoniorum
1104 1637 1169 1696 loeo
1191 1633 1330 1711 Philippi

296 1741 333 1798 ad
355 1739 559 1798 Alexandrum
589 1745 620 1800 et
645 1740 798 1818 Antipatri
829 1743 866 1800 ad
896 1741 1093 1799 Cassandrum
1123 1743 1154 1798 et
1183 1737 1329 1812 Antigoni

295 1844 331 1901 ad
348 1841 521 1919 Philippum
543 1843 638 1902 filium
660 1844 807 1920 epistulae
830 1846 1103 1903 oommemorantur.
1149 1841 1232 1900 Haeo
1254 1860 1328 1918 qno-

297 1965 354 2024 que
371 1965 409 2004 ex
423 1945 560 2005 Panaetii
582 1945 659 2006 libro
676 1945 800 2006 fluxisse
823 1965 877 2022 per
899 1965 930 2004 se
952 1943 1017 2004 veri
1040 1943 1136 2003 simile
1159 1947 1217 2016 est;
1240 1962 1329 2002 nemo

297 2048 377 2108 enim
415 2049 535 2124 putabit
571 2048 744 2108 Oieeronem
779 2047 879 2124 ipsum
911 2046 1018 2122 legisse
1050 2048 1104 2105 has
1135 2045 1277 2122 epistulas
1287 2045 1329 2121 ²).

295 2152 375 2225 Ergo
399 2155 429 2209 et
450 2153 466 2224 ᾗ
489 2155 529 2209 48
553 2154 583 2208 et
604 2152 620 2224 §
642 2155 679 2209 bl
703 2150 735 2209 id
758 2149 927 2226 exponitur,
951 2149 1097 2227 quomodo
1121 2147 1253 2207 oratione
1274 2148 1328 2205 ho·

296 2252 410 2312 minum
433 2251 525 2312 animi
539 2254 575 2311 ad
597 2252 831 2313 benivolentiam
853 2252 933 2313 allici
950 2251 1074 2330 possint.
1120 2251 1203 2310 Haec
1225 2269 1325 2310 seeun-

297 2358 352 2416 dae
374 2355 453 2435 parti
474 2356 611 2416 Panaetii
633 2357 840 2432 subiungenda
855 2375 918 2415 esse
934 2353 1120 2432 putaverim3
1143 2374 1212 2412 nam
1235 2350 1325 2412 oratio

297 2458 349 2519 illa
375 2459 495 2539 quidem
518 2479 578 2518 non
601 2463 646 2518 est
667 2461 832 2536 perfeetum
854 2457 1047 2530 beneficium,
1078 2457 1129 2516 sed
1158 2455 1269 2515 suffieit
1293 2455 1331 2514 ad

297 2562 460 2622 beneficam
490 2561 675 2622 voluntatem
706 2561 938 2636 significandam.
992 2563 1031 2619 Et
1062 2563 1077 2634 ξ
1102 2564 1138 2617 51
1173 2578 1207 2617 ea
1237 2556 1331 2616 fuisse

298 2663 433 2722 Panaetii
456 2664 607 2724 sententia
623 2663 743 2722 videtur
765 2664 797 2723 in
813 2661 1035 2722 defensionibus
1051 2659 1247 2738 suscipiendis
1269 2679 1332 2718 non

299 2767 336 2824 de
358 2784 393 2822 aa
415 2785 447 2823 ra
469 2765 676 2825 haesitandum
700 2785 779 2840 esse,
810 2771 910 2825 utrum
940 2769 1076 2841 suscepta
1105 2783 1192 2824 eausa
1212 2761 1334 2822 felioem

298 2866 413 2928 exitum
435 2867 574 2928 habitura
596 2873 674 2928 esset
695 2888 797 2943 neone,
828 2887 927 2947 neque
958 2869 1001 2927 ita
1022 2867 1148 2927 multum
1176 2865 1333 2936 interesse,

298 2990 369 3030 num
392 2990 480 3030 eausa
501 2991 622 3047 prorsus
645 2977 725 3031 oerta
747 2976 778 3032 et
799 2970 844 3045 id,
876 2972 954 3050 quod
977 2970 1196 3046 defenderetur,
1226 2986 1334 3030 verum

300 3078 387 3147 esset,
409 3074 460 3131 sed
483 3073 555 3133 satis
578 3093 642 3132 esse
664 3073 696 3132 id
718 3094 778 3133 non
801 3095 818 3134 a
840 3073 1050 3150 probabilitate
1073 3073 1240 3133 abhorrere.

385 3174 461 3233 Inde
483 3195 501 3234 a
523 3179 538 3250 ξ
560 3179 599 3234 52
623 3175 715 3250 igitur
738 3176 841 3236 Gioero
865 3177 901 3234 de
923 3175 1122 3234 benefioentia
1143 3194 1177 3233 ao
1199 3175 1235 3232 de
1257 3172 1333 3232 libe-

299 3275 417 3336 ralitate
443 3295 531 3351 agera
552 3276 636 3336 vult:
668 3277 796 3352 benigne
826 3282 924 3338 autem
953 3277 1019 3336 fieri
1050 3282 1102 3337 aut
1130 3296 1251 3354 opera
1280 3282 1333 3337 ant

299 3379 480 3456 peounie.
525 3378 608 3438 Haeo
638 3379 760 3458 partitio
787 3378 923 3440 Panaetii
954 3384 1008 3440 est.
1061 3378 1221 3457 Antipater
1251 3379 1332 3439 enim

301 3518 505 3530 ———.

373 3581 397 3650 1)
417 3583 489 3642 Quod
505 3585 639 3632 nonnullae
658 3584 795 3632 sententiae
812 3584 924 3633 Panaetii
949 3585 975 3632 in
999 3598 1029 3632 ea
1050 3588 1121 3645 parte
1137 3583 1196 3632 libri
1218 3585 1244 3630 11
1262 3585 1331 3633 inve·

300 3669 408 3728 niuntnr,
434 3683 508 3728 quarn
527 3670 553 3716 in
571 3669 714 3718 universnm
732 3683 763 3716 ex
781 3669 834 3720 eiua
852 3670 916 3718 libro
934 3685 984 3718 non
1005 3669 1105 3720 fluxisse
1128 3673 1256 3730 putamus,
1280 3683 1332 3716 non

299 3755 384 3801 mirari
402 3754 529 3814 debemus,
556 3755 673 3815 qnoniam
691 3755 764 3803 etiam
788 3756 815 3802 in
838 3756 918 3818 primo
943 3756 1008 3804 libro
1032 3769 1087 3804 eam
1111 3755 1187 3804 fuisse
1204 3753 1330 3804 Cinaronis

299 3841 420 3888 rationem
443 3840 568 3901 vidimus,¹
585 3845 613 3887 nt
629 3853 688 3888 suas
713 3842 790 3902 ipsius
817 3846 842 3890 et
866 3842 942 3891 fontis
967 3841 1103 3894 sententias
1126 3842 1192 3890 inter
1216 3855 1242 3890 se
1265 3853 1332 3887 onm-

300 3925 421 3974 miseeret.

369 4011 395 4077 a)
414 4011 465 4060 oe.
485 4010 559 4062 suam
577 4011 592 4076 a
610 4012 652 4065 aa.
684 4021 687 4025 ’
