3082 4712
637 387 851 452 ,35-

220 560 331 641 Tyrius
352 561 385 621 in
406 560 571 622 utilitatum
602 561 770 637 praeceptis
793 561 851 619 duo
880 559 1042 636 praeterita
1072 579 1136 620 esse
1158 581 1175 619 a
1197 562 1254 619 Pa·

220 665 320 724 naetio
343 666 491 738 oeneebat,
513 663 695 723 valetudinis
717 663 899 722 curationem
923 667 953 721 et
968 662 1163 739 peouniae1).
1202 667 1256 722 at-

221 767 272 846 qui
295 769 374 843 apud
397 767 485 842 Diog.
501 766 535 827 L.
555 767 615 826 VII
641 760 736 843 128²)
758 767 831 824 baeo
853 771 939 824 sunt:
962 755 1013 837 „‘0
1035 760 1149 840 μέντοι
1173 766 1254 822 Παν-

221 869 314 938 αίτιος
342 866 392 928 καί
427 863 630 938 Ποσειδώνιος
659 862 716 926 οὐκ
745 861 879 946 αὕταίρκη
909 863 1026 945 λέγουσι
1054 859 1107 942 τὴν
1137 855 1255 943 αἱρετὴν,

222 965 294 1028 ἄλλα
316 971 415 1051 χρείαν
431 963 506 1031 είναί
528 987 601 1046 φασι
626 967 676 1030 καί
699 962 811 1050 byssiae
833 966 883 1028 καί
908 963 1008 1046 ίσχύος
1030 965 1081 1028 καί
1103 968 1252 1049 χορηγίας.

222 1075 382 1151 Antipater
411 1075 503 1149 igitur
532 1077 658 1151 putabat
679 1074 836 1147 Panaetio,
868 1077 1026 1151 postquam
1055 1068 1123 1150 περὶ
1147 1064 1255 1149 ἀρετῆς

224 1179 348 1253 egisset,
379 1169 492 1257 ὑγιείαν
522 1172 571 1235 καί
605 1170 687 1253 ἰσχὺν
716 1172 766 1234 καί
796 1174 937 1254 χορηγίαν
958 1176 1127 1234 tractandae
1158 1173 1257 1233 fuisse

223 1286 258 1339 ut
281 1282 379 1340 omnia
400 1285 569 1357 praecepta,
601 1291 676 1359 quae
699 1280 736 1338 ad
759 1281 845 1338 beate
866 1277 1029 1337 vivendum
1052 1297 1126 1353 opus
1150 1282 1257 1348 esseut,

224 1384 487 1462 oompleoteretur3
514 1386 630 1441 tantum
652 1383 706 1457 τῆς
729 1373 829 1457 ίσχύος
852 1400 918 1440 eum
941 1380 1085 1439 rationem
1108 1379 1256 1439 habuisse.

225 1485 426 1561 Intellegebat
456 1484 550 1561 igitur
579 1476 633 1559 τὴν
663 1477 746 1559 ίσχύν
769 1483 845 1561 vim,
875 1482 1012 1557 gratiam,
1044 1481 1258 1556 auctoritatem,

224 1607 312 1668 quam
335 1587 402 1666 quie
430 1589 521 1646 babet
543 1588 622 1663 apud
650 1585 800 1658 homines,
830 1587 885 1644 bao
915 1585 947 1644 in
977 1604 1010 1643 re
1031 1584 1168 1643 Panaetii
1190 1603 1257 1642 eeu-

224 1690 347 1750 tentiam
370 1694 451 1749 reote
471 1690 694 1767 interpretatus.
735 1687 793 1746 Sed
813 1688 890 1766 quod
914 1686 1029 1766 aliquid
1051 1687 1088 1746 ab
1111 1706 1145 1746 eo
1168 1687 1255 1746 omis·

224 1815 288 1852 sum
311 1813 376 1853 esse
397 1794 529 1868 putebat,
560 1812 622 1851 non
643 1791 732 1868 plane
756 1790 918 1864 intellexit,
950 1790 1022 1869 quid
1044 1790 1188 1851 Panaetio
1211 1790 1257 1850 vi·

226 1898 354 1954 deretur.
397 1885 435 1951 ‘H
455 1889 536 1971 ἰσχύς
558 1894 637 1954 enim
659 1894 702 1954 ita
726 1897 927 1970 eomparatur,
958 1897 993 1953 ut
1016 1893 1049 1951 in
1072 1912 1107 1951 aa
1128 1894 1258 1970 paranda

226 2003 257 2056 et
288 2016 378 2072 opera
411 2002 441 2056 et
470 1997 596 2074 peounia
625 2003 821 2056 oonsumatur.
873 1999 974 2075 Atque
1003 1999 1038 2055 ut
1066 1994 1192 2072 peounia
1221 1997 1258 2054 ad

225 2091 280 2175 τήν
294 2098 445 2178 χορηγίαν,
468 2100 512 2159 ita
535 2119 625 2176 opera
647 2105 678 2158 et
699 2091 720 2176 ἦ
738 2091 833 2178 ὑγιεία
856 2100 893 2157 ad
916 2099 1040 2157 eundem
1062 2098 1153 2157 finem
1175 2117 1258 2174 speo-

226 2207 305 2275 tant,
337 2203 375 2261 ad
405 2203 530 2262 salutem
552 2202 601 2263 vel
628 2201 759 2278 eorporis
781 2203 831 2261 vel
853 2201 959 2273 animi,
990 2199 1036 2260 oui
1059 2206 1147 2260 nooet
1168 2219 1258 2278 opera

227 2311 258 2365 et
278 2305 404 2379 laborl).
448 2306 485 2363 Id
507 2304 599 2380 igitur
622 2305 771 2364 statuebat
792 2304 953 2363 Panaetius
977 2323 1040 2363 rem
1062 2303 1258 2377 utilissimam,

227 2428 313 2486 quam
339 2399 392 2484 τήν
416 2399 500 2484 ἰσχύν
523 2427 586 2466 esee
616 2414 803 2483 exposuerat,
833 2407 876 2465 ita
905 2405 1016 2485 quaeri,
1047 2410 1082 2464 ut
1111 2425 1162 2464 eae
1184 2409 1259 2466 duae

226 2532 281 2584 res,
304 2532 380 2591 quae
402 2511 549 2571 minorem
571 2512 731 2572 utilitatem
755 2509 924 2582 afferrent,'
942 2509 1130 2589 aliquatenus
1163 2510 1259 2568 effun-

224 2612 409 2696 detentum).

312 2719 517 2795 Paragraphoe
539 2721 637 2776 autem
662 2721 785 2795 52-,85
810 2715 866 2774 hoo
899 2716 986 2774 modo
1008 2714 1118 2775 dividit
1140 2713 1258 2775 Gioero:

224 2819 377 2904 „Benigne
398 2821 433 2879 fit
455 2825 506 2878 aut
521 2819 646 2896 peounia
669 2824 720 2877 aut
734 2838 825 2894 opera
848 2820 1008 2894 (oa-55).
1047 2817 1107 2880 Qui
1129 2817 1257 2894 peounia

224 2921 368 2981 beneficia
397 2923 485 2994 dant,
519 2927 589 2981 sunt
618 2924 670 2980 aut
700 2919 819 2996 prodigi
852 2917 1006 2998 (55—60)
1038 2925 1089 2979 aut
1118 2919 1256 2979 liberales

224 3027 381 3098 (61-64).
426 3027 470 3083 Ea
492 3029 588 3083 autam
611 3023 765 3096 benefioia,
789 3043 866 3102 quae
889 3041 979 3102 opera
1001 3023 1116 3096 dantur,
1150 3022 1255 3081 autin

224 3125 356 3199 singulos
378 3126 460 3187 aives
482 3128 675 3188 eonferuntur
705 3123 860 3208 (ee—71)
891 3130 944 3184 aut
966 3124 998 3183 in
1020 3143 1082 3184 rem
1104 3125 1254 3201 publioam

225 3225 410 3303 (72-85)“.
454 3230 539 3290 Haeo
560 3229 668 3289 divisio
691 3229 755 3288 eius
778 3228 872 3306 ipsius
895 3248 960 3288 esse
981 3226 1108 3288 videtur.

310 3326 394 3390 Quae
430 3331 595 3393 sententiaa
632 3332 665 3391 in
698 3333 754 3390 hao
785 3336 869 3408 parte
909 3331 1042 3409 prolatae
1079 3331 1253 3407 singillatim

224 3435 343 3506 praeter
364 3451 422 3505 eae,
445 3433 482 3492 de
504 3433 612 3512 quibus
634 3433 693 3492 iam
716 3431 855 3504 vidimus,
881 3433 1025 3492 Panaetio
1047 3433 1252 3492 attribuendae

250 3625 491 3696 'nfflflffi

292 3718 318 3783 2)
336 3723 435 3770 Pouler
451 3737 475 3783 p.
495 3725 537 3771 44.

292 3805 318 3873 3)
337 3808 388 3857 Gir.
407 3823 483 3869 supra
500 3824 524 3869 p.
545 3809 583 3855 lo.

291 3892 319 3956 4)
337 3896 452 3944 Ceterum
469 3893 619 3943 valetudinis
640 3893 720 3953 ipsius
737 3893 831 3940 onratio
854 3893 907 3940 sine
931 3893 1057 3940 hominum
1082 3906 1158 3953 opere
1181 3895 1250 3941 nulla

223 3979 565 4043 esseposse§12dioitur'.
600 3981 638 4027 De
655 3980 761 4040 pecunia
782 3983 864 4027 autem
881 3980 1024 4039 quaerenda
1047 3993 1097 4027 non
1121 3983 1181 4038 erat,
1206 3993 1249 4027 our

221 4065 353 4118 Panaetius
371 4067 532 4120 familiaribus
550 4066 671 4134 Scipionis
689 4070 821 4128 praecepta
839 4066 914 4114 daret.

1042 4163 1073 4219 3*
